3834 5634
1445 739 1502 795 'vn

370 884 481 958 libelli
502 884 651 958 Firmici
688 885 841 957 Materni
879 887 923 958 de
953 911 1077 960 errore
1100 885 1334 983 profanarum
1358 883 1506 982 religio-

375 1032 486 1096 num,
511 1031 618 1102 quem
642 1031 724 1078 cum
748 1004 842 1078 idem
866 1004 1008 1079 Flacius
1031 1004 1197 1103 lllyricus
1228 1005 1263 1076 in
1289 1003 1505 1077 bibliotheca

369 1125 550 1198 Mindensi
572 1123 789 1216 inuenisset,
825 1137 950 1224 postea
983 1126 1020 1197 in
1053 1123 1252 1198 Palatinam
1282 1134 1389 1220 atque
1419 1123 1504 1196 inde

368 1246 405 1317 in
431 1244 641 1318 Vaticanam
675 1244 855 1342 migrauit.
891 1257 1050 1318 ceterum
1081 1269 1148 1342 ego
1177 1243 1214 1315 in
1239 1243 1363 1317 Seueri
1398 1244 1505 1316 chro-

371 1364 461 1438 nicis
497 1364 726 1438 recensendis
756 1364 898 1438 duobus
929 1364 1031 1438 libris
1064 1363 1262 1437 rarioribus
1294 1388 1379 1436 usus
1411 1388 1504 1446 sum,

372 1510 463 1582 quos
495 1509 601 1557 nemo
632 1483 794 1583 priorum
830 1485 1010 1557 editorum
1042 1483 1272 1574 adhibuerat,
1311 1481 1505 1580 specimine

372 1603 665 1677 obseruationum
694 1603 917 1694 criticorum,
951 1605 1050 1702 quod
1069 1602 1348 1678 Gotefridus
1371 1601 1505 1675 Rich·

372 1735 498 1797 terus
529 1724 641 1798 <lenae
672 1750 701 1797 a.
736 1727 831 1798 1713
857 1724 991 1812 edidit,
1032 1736 1068 1797 et
1101 1721 1308 1798 Cornelii
1331 1719 1504 1795 Valerii

372 1841 536 1917 Vonck
580 1843 774 1918 lectionum
810 1843 1002 1917 latinarum
1036 1842 1137 1917 libris
1173 1841 1315 1916 duobus
1350 1838 1505 1915 Traiecti

371 1961 555 2036 Viltorum
591 1989 621 2036 a.
648 1968 744 2036 1745
773 1963 969 2063 impressis
998 1963 1035 2035 in
1065 1974 1219 2061 utroque
1240 1963 1371 2035 horum
1393 1959 1505 2034 libro-

371 2110 453 2156 rum
477 2082 678 2182 complures
701 2083 799 2158 locos
821 2093 919 2158 recte
941 2084 1150 2157 emendatos
1173 2082 1390 2156 inuenimus.

424 2321 572 2395 Praeter
602 2323 856 2397 chronicorum
887 2321 999 2395 libros
1029 2349 1100 2395 non
1125 2322 1183 2393 alii
1207 2321 1355 2420 Sulpicii
1379 2322 1504 2396 Seueri

371 2443 417 2514 ad
441 2454 593 2515 aetatem
616 2452 778 2516 nostram
801 2442 1012 2540 peruenisse
1046 2441 1216 2514 uidentur
1245 2441 1314 2513 nisi
1338 2467 1429 2538 quos
1453 2443 1503 2516 de

372 2561 469 2635 uita
496 2563 530 2636 S.
553 2560 739 2635 Martini
762 2561 920 2661 episcopi
945 2562 1158 2660 composuit.
1182 2562 1252 2634 hoc
1274 2586 1405 2659 corpus
1435 2561 1504 2635 tri·

374 2679 442 2754 bus
464 2680 566 2754 libris
590 2680 832 2780 compositum
853 2682 965 2755 fuisse
989 2683 1154 2773 uidetur,
1186 2707 1339 2779 quorum
1363 2683 1502 2779 primus

374 2801 514 2899 estqui
538 2800 684 2900 proprie
707 2803 751 2874 de
775 2801 848 2874 uita
871 2802 906 2877 S.
930 2800 1078 2874 Martini
1100 2803 1296 2900 inscriptus
1319 2814 1384 2875 est.
1407 2802 1505 2876 hunc

374 2932 516 2995 secutae
540 2932 625 2994 sunt
647 2930 721 2994 tres
745 2921 918 3020 epistulae
940 2932 1015 2994 tam
1032 2922 1166 3019 exiguo
1185 2921 1321 2994 ambitu
1341 2947 1505 3021 compre·

372 3041 526 3129 hensae,
552 3051 591 3114 ut
609 3041 706 3114 hunc
724 3042 910 3140 proprium
930 3041 1088 3114 libellum
1109 3042 1220 3114 fuisse
1239 3066 1343 3139 aegre
1362 3044 1504 3115 credast

374 3161 486 3235 immo
510 3161 560 3233 ita
583 3161 803 3260 compositae
833 3172 935 3252 sunt,
974 3172 1014 3234 ut
1036 3171 1099 3232 aut
1120 3161 1302 3259 appendix
1327 3161 1421 3234 uitae
1443 3172 1506 3234 aut

374 3279 600 3380 prooemium
642 3280 868 3379 dialogorum
905 3306 984 3354 esse
1022 3281 1222 3353 uideantur.
1268 3280 1324 3353 his
1355 3280 1506 3353 accessit

373 3398 601 3498 dialogorum
624 3400 733 3490 liber,
757 3401 879 3498 quiin
903 3401 1078 3499 exemplis
1103 3400 1257 3498 uulgatis
1281 3412 1355 3473 tres
1379 3425 1504 3474 nume-

373 3531 519 3611 rantur,
543 3521 607 3593 sed
630 3546 714 3593 eum
736 3547 809 3593 non
833 3519 1039 3594 constitisse
1072 3520 1143 3593 nisi
1166 3519 1308 3593 duobus
1339 3519 1503 3617 dialogis,

374 3664 456 3714 cum
479 3664 527 3712 ex
550 3640 653 3712 codd.
676 3666 762 3715 mss.
785 3639 1017 3730 melioribus,
1052 3640 1090 3712 in
1114 3638 1246 3738 quibus
1274 3640 1370 3712 inter
1393 3638 1505 3712 dialo-

373 3784 462 3858 gum
484 3759 643 3858 primum
666 3771 703 3833 et
725 3760 924 3834 secundum
948 3759 1148 3833 editionum
1173 3758 1399 3856 uulgatarum
1419 3757 1503 3832 nul-

374 3878 450 3953 lum
473 3878 630 3978 spatium
652 3880 865 3971 intercedit,
901 3893 1068 3979 apparet,
1105 3892 1184 3952 tum
1207 3878 1252 3952 ab
1279 3877 1504 3978 Hieronymo

376 4000 422 4072 de
452 3998 562 4073 Prato
597 3999 634 4072 in
659 3999 784 4097 quinta
815 4000 1069 4074 dissertatione
1093 3998 1192 4096 (Vol.
1216 3999 1233 4071 l
1255 4026 1288 4097 p.
1309 4001 1383 4074 266
1408 4001 1505 4098 sqq.)

376 4117 576 4193 luculenter
598 4122 886 4193 demonstratum
917 4132 981 4193 est.
1009 4146 1076 4194 nos
1111 4145 1237 4192 uerum
1260 4119 1407 4216 quidem
1429 4120 1505 4192 dia-

374 4235 542 4335 logorum
565 4265 754 4313 numerum
779 4238 815 4311 in
839 4240 1076 4338 inscriptione
1098 4239 1341 4330 restituimus,
1373 4240 1505 4312 sedne

376 4358 537 4432 numeris
571 4359 677 4458 plane
721 4358 825 4431 nouis
862 4359 1080 4434 introductis
1128 4359 1292 4434 confusio
1329 4369 1503 4449 oreretur,

376 4478 487 4553 semel
508 4490 690 4576 receptam
713 4478 870 4577 capitum
894 4478 1176 4579 descriptionem
1205 4493 1242 4553 et
1264 4477 1505 4554 enumeratio-

375 4625 460 4673 nem
482 4596 519 4672 in
543 4597 722 4672 indicibus
745 4597 971 4673 retinuimus.
