3834 5634
768 746 884 803 Chron
904 744 939 806 11,
958 743 1079 801 46-49
1423 735 1481 800 101

359 897 548 964 arbitrantes
562 919 650 984 posse
664 901 745 967 inter
766 902 856 967 initia
875 900 994 965 malurn
1009 897 1186 981 comprimi:
1209 894 1262 960 sed
1276 906 1403 995 parum,
1401 889 1483 954 111111

361 1001 497 1067 consiliis
511 1005 681 1069 saeculares
696 1005 811 1069 iudices
827 1005 957 1080 adeunt,
980 1003 1016 1067 ut
1036 1018 1141 1066 corum
1163 995 1293 1062 decretis
1308 981 1412 1078 atq'ue‘
1415 1010 1483 1061 exe-

359 1104 535 1170 cutionibus
563 1106 710 1173 haeretici
738 1107 866 1172 urbibus
894 1106 1090 1189 pellerentur.
1113 1102 1211 1186 igitur
1235 1100 1305 1183 post
1330 1090 1441 1194 musa,
1452 1095 1511 1169 116

361 1203 450 1272 foeda
465 1209 633 1275 certamina
648 1210 763 1276 Ydacio
779 1210 952 1292 supplicant
954 1228 970 1273 e
938 1208 1070 1274 telicit
1070 1226 1108 1270 ur
1128 1226 1146 1271 ι
1166 1203 1313 1269 Gratiano
1334 1203 1403 1269 tum
1396 1176 1486 1291 ”dm

339 1313 500 1393 operatore
515 1312 792 1395 rescriptumque
807 1313 943 1379 uniuersr
934 1310 1104 1376 haeretici
1119 1307 1259 1373 excedere
1273 1323 1334 1370 non
1348 1288 1497 1367 ecclesiis'

361 1414 486 1479 tantum
500 1417 555 1479 aut
569 1416 712 1493 urbibus,
739 1416 793 1481 sed
813 1417 898 1480 extra
913 1434 1018 1480 omnes
1032 1416 1130 1478 terras
1145 1409 1273 1494 propelli
1287 1405 1529 1471 1ιι1ιι1ιιιιιιιι.···
1540 1400 1542 1407 '

360 1533 420 1596 quo
435 1520 590 1599 comperte
601 1517 740 1583 Gnostici
755 1517 851 1584 diffisi
865 1518 955 1583 rebus
970 1518 1049 1595 suis,
1071 1535 1131 1580 non
1145 1533 1213 1579 ausr
1204 1510 1340 1576 iudicio
1356 1509 1510 1582 certaret
1510 1530 1530 1582 χ
1550 1538 1569 1605 '.-
1607 1600 1610 1607 Ι

361 1621 468 1700 sponte
483 1638 613 1698 cessere,
636 1622 689 1701 qui
710 1621 842 1704 episcopi
859 1621 1058 1686 uidebantur:
1081 1622 1196 1683 ceteros
1212 1616 1313 1680 metus
1328 1609 1481 1693 dispersit.
1552 1608 1577 1661 Γ.
1612 1664 1615 1671 .

404 1721 535 1787 Actum
550 1724 739 1802 Instantius,
773 1723 935 1789 Saluianus
961 1726 993 1788 et
1019 1720 1231 1786 Priscillianus
1255 1717 1387 1781 Romam
1412 1728 1532 1794 pro-48
1599 1684 1607 1747 3
1619 1722 1643 1812 Ἰ
1676 1790 1678 1795 ,

325 1843 351 1882 ιο
360 1820 450 1902 fecti,
465 1827 501 1889 ut
516 1827 598 1908 apud
612 1826 799 1904 Damasum,
816 1827 900 1892 urbis
915 1846 950 1891 ea
963 1826 1147 1908 tempestate
1158 1822 1348 1904 episcopum,
1364 1816 1483 1882 obiecta

361 1931 536 2010 purgarent.
561 1929 614 1994 sed
628 1930 688 1994 iter
703 1930 746 1994 eis
761 1931 882 2013 praeter
896 1930 1073 1994 interiorem
1090 1923 1309 2008 Aquitanicam
1328 1920 1406 1998 fuit,
1428 1918 1511 1987 ubi2

361 2031 430 2093 turn
456 2030 494 2095 ab
519 2031 672 2114 imperitis
697 2033 859 2116 magnifice
885 2033 1018 2114 suscepti
1044 2047 1181 2113 sparsere
1197 2026 1342 2111 perfidiae
1356 2022 1480 2086 semina.

361 2134 555 2215 maximeque
569 2135 737 2200 Elusanam
757 2135 893 2218 plebem,
917 2138 1072 2200 sanetum
1087 2134 1199 2197 bonam
1214 2133 1245 2195 et
1259 2126 1401 2210 religioni
1416 2127 1483 2189 stu·

362 2234 500 2315 dentem,
533 2237 639 2319 prauis
667 2239 944 2320 praedicationibus
973 2239 1155 2321 peruertere.
1185 2253 1204 2298 a
1231 2230 1401 2314 Burdigala
1429 2248 1483 2312 per

326 2337 517 2403 nDelfinum
528 2340 657 2423 repulsi,
672 2343 777 2405 tamen
792 2341 824 2405 in
839 2360 912 2424 agro
927 2339 1111 2404 Euchrotiae
1126 2336 1346 2417 aliquantisper
1359 2333 1482 2409 morati,

360 2440 490 2506 infecere
514 2443 673 2508 nonnullos
704 2443 767 2507 suis
798 2442 958 2508 erroribus.
988 2443 1058 2506 inde
1086 2442 1146 2505 iter
1174 2439 1315 2520 coeptum
1342 2436 1511 2518 ingressis

361 2545 446 2627 turpi
472 2565 544 2610 sane
568 2546 805 2629 pudibundoque
831 2546 995 2623 comitatu,
1019 2564 1089 2609 cum
1109 2541 1253 2607 uxoribus
1268 2542 1359 2620 atque
1374 2537 1483 2603 alienis

360 2647 457 2712 etiam
472 2647 611 2727 feminis,
634 2649 666 2713 in
692 2649 759 2730 quis
785 2651 852 2713 erat
876 2649 1043 2713 Euchrotia
1062 2666 1098 2711 ac
1118 2645 1183 2709 filia
1197 2645 1262 2708 eius
1277 2641 1422 2719 Procula,
1445 2642 1483 2706 de

361 2768 422 2830 qua
446 2750 508 2816 fuit
528 2752 560 2816 in
581 2770 718 2816 sermone
737 2752 897 2816 hominum
911 2750 1099 2816 Priscilliani
1114 2750 1220 2830 stupro
1235 2746 1396 2829 grauidam
1410 2764 1482 2826 par·

326 2853 432 2917 sotum
457 2854 517 2918 sibi
545 2855 737 2937 graminibus
766 2855 913 2939 abegisse.
937 2855 971 2918 hi
992 2855 1046 2918 ubi
1065 2854 1196 2917 Romam
1215 2867 1396 2933 peruenere,
1417 2848 1511 2912 Da-4

360 2973 447 3021 maso
462 2975 493 3021 se
507 2976 639 3039 purgare
654 2958 820 3040 cupientes,
835 2977 873 3022 ne
888 2958 1128 3040 inconspectum
1140 2953 1340 3036 quidemeius
1355 2950 1483 3015 admissi

361 3060 442 3122 sunt.
466 3060 597 3141 regressi
611 3060 820 3125 Mediolanum
841 3079 935 3142 aeque
957 3060 1171 3124 aduersantem
1197 3057 1257 3121 sibi
1283 3055 1482 3120 Ambrosium

359 3163 565 3244 repperenmt.
589 3163 659 3227 turn
680 3165 800 3228 uertere
821 3163 963 3241 consilia,
999 3165 1050 3238 ut,
1084 3163 1157 3243 quia
1184 3161 1301 3225 duobus
1323 3158 1511 3242 episcopias

361 3280 491 3343 quorum
517 3282 553 3330 ea
577 3267 762 3348 tempestate
787 3285 909 3330 summa
934 3265 1101 3330 auctoritas
1128 3267 1208 3340 erat,
1230 3282 1290 3327 non
1310 3263 1481 3341 illuserant,

326 3390 351 3431 a
360 3365 519 3448 largiendo
545 3369 577 3432 ιι
604 3368 764 3433 ambiendo
790 3368 828 3432 ab
853 3368 1037 3449 imperatore
1063 3366 1167 3448 cupita
1192 3367 1412 3447 extorquerent.
1436 3365 1482 3430 ita

361 3472 504 3552 corrupto
529 3470 721 3548 Macedonio,
744 3472 813 3534 turn
838 3471 988 3553 magistro
1003 3470 1188 3546 officiorum,
1217 3468 1399 3551 rescriptum
1425 3467 1482 3531 eli-

362 3571 463 3649 ciunt,
486 3591 546 3654 quo
572 3573 712 3650 calcatis,
746 3592 823 3653 quae
848 3573 934 3655 prius
949 3573 1071 3637 decreta
1085 3575 1186 3650 erant,
1209 3571 1332 3636 restitui
1347 3569 1482 3636 ecclesiis

362 3673 554 3739 iubebantur.
579 3676 636 3740 hoc
659 3674 731 3739 freti
757 3676 928 3767 Instantius
955 3677 987 3739 et
1012 3674 1225 3739 Priscillianus
1240 3674 1408 3756 repetiuere
1422 3675 1510 3740 lli-c

362 3776 500 3857 spanias;
523 3797 596 3841 nam
611 3775 773 3842 Saluianus
788 3777 820 3842 in
835 3777 909 3842 urbe
925 3778 1057 3843 obierat:
1091 3797 1127 3842 ac
1141 3780 1210 3842 tum
1225 3779 1289 3842 sine
1303 3778 1367 3841 ullo
1383 3780 1481 3843 certa·

326 3879 444 3945 somine
459 3879 615 3957 ecclesias,
638 3880 750 3961 quibus
764 3879 973 3963 praefuerant,
996 3900 1141 3964 recepere.

404 3981 520 4046 Verum
534 3983 653 4047 Ithacio
669 3983 708 4047 ad
722 3984 926 4048 resistendum
939 4002 1000 4049 nou
1014 3985 1150 4063 animus,
1166 3985 1218 4048 sed
1229 3984 1361 4049 facultas
1372 3983 1481 4064 defuit,
1492 3989 1532 4050 11

361 4085 434 4164 quia
448 4086 595 4151 haeretici
610 4088 752 4169 corrupto
768 4086 931 4152 Voluentio
946 4087 1124 4170 proconsule
1138 4089 1219 4152 uires
1235 4107 1305 4152 suas
1320 4086 1480 4152 confirma-

413 4271 596 4327 dcertamina
613 4273 696 4327 om.b
775 4273 909 4329 elotum
926 4274 968 4337 P,
993 4272 1031 4327 At
1048 4274 1138 4327 tumb
1219 4275 1255 4330 11
1273 4273 1480 4342 Aquitaniamb

415 4357 452 4416 15
469 4358 658 4427 Delphinumb
682 4360 694 4427 ll
716 4358 867 4413 euchrotiae
885 4359 925 4425 P,
951 4365 984 4413 at
995 4374 1043 4412 eoo.
1057 4358 1090 4412 de
1102 4360 1201 4414 Prata:
1228 4359 1387 4413 Euchrocise
1407 4359 1436 4421 b,
1456 4363 1482 4412 et

362 4441 401 4496 sic
421 4443 502 4510 safra
554 4444 590 4500 17
612 4460 671 4497 curn
683 4443 879 4512 feminisatqne
900 4444 996 4498 alienis
1017 4444 1100 4498 etiam
1120 4445 1245 4499 uxoribus
1265 4445 1334 4499 coci.
1348 4443 1382 4497 dc
1394 4444 1482 4496 Proto

413 4528 450 4584 21
469 4531 608 4598 conspectu
626 4530 654 4583 P
721 4530 758 4586 22
777 4535 842 4597 eque
860 4530 887 4584 P
938 4530 977 4585 24
994 4532 1154 4598 tempestate
1172 4531 1200 4584 P
1267 4530 1305 4586 26
1323 4532 1381 4582 tum
1393 4528 1431 4593 P,
1449 4534 1482 4582 ut

362 4614 431 4667 coni.
454 4614 597 4684 Sigonius:
627 4616 720 4670 cumb
785 4615 823 4672 27
841 4615 966 4668 restuiP
1028 4615 1065 4672 31
1084 4616 1188 4670 Ithacis
1209 4615 1362 4670 Buconica:
1381 4613 1481 4668 itachio

362 4699 402 4766 P,
422 4699 534 4754 Trachis
546 4701 570 4766 b,
582 4700 672 4756 Idacio
685 4699 815 4771 Sigonius
867 4700 904 4757 32
917 4700 1043 4754 Viucntic
1055 4702 1197 4756 Barooc‘us
