3834 5634
420 743 462 808 96
838 741 985 811 Sulpicii
1002 741 1118 797 Seueri

420 901 501 964 esset
515 896 675 964 Gallorum
689 896 780 962 fides:
803 899 875 979 quia
900 900 985 977 tum,
1008 897 1148 962 Arrianis
1173 913 1269 979 praua
1292 894 1330 959 de
1354 891 1441 956 nobis
1466 889 1538 955 uul-

418 1001 579 1085 gantibus,
603 1001 736 1084 suspecti
758 1001 797 1066 ab
817 999 1025 1066 Orientalibus
1040 999 1229 1065 habebamur
1250 997 1437 1080 trionymam
1462 993 1538 1058 soli-

418 1104 491 1168 tarii
511 1104 570 1169 Dei
595 1104 737 1169 unionem
760 1104 925 1169 secundum
947 1102 1115 1169 Sabellium
1136 1100 1310 1168 creddisse.
1333 1097 1386 1163 ssd
1400 1096 1539 1179 exposita

417 1205 478 1272 fide
492 1227 548 1273 sua
562 1208 648 1272 iuxta
664 1225 713 1286 ea,
737 1225 814 1288 quae
827 1208 959 1272 Nicaeae
982 1208 1070 1271 erant
1084 1225 1102 1271 a
1116 1204 1257 1288 patribus
1272 1200 1461 1283 conscripta,
1476 1196 1538 1263 Oc-

389 1310 621 1375 5cidentalibus
635 1310 793 1394 perhibuit
807 1310 1029 1375 testimonium.
1044 1310 1092 1374 ita
1105 1307 1254 1374 absolutis
1265 1305 1403 1371 omnium
1414 1301 1537 1379 animis,
1558 1324 1570 1364 s

416 1413 500 1478 intra
514 1413 732 1479 conscientiam
745 1413 968 1479 communionis
988 1429 1043 1476 neo
1064 1430 1124 1476 non
1138 1410 1234 1475 etiam
1247 1409 1280 1473 in
1294 1407 1473 1473 societatem
1487 1423 1537 1469 re-

416 1516 523 1598 oeptus
549 1515 735 1598 concilioque
759 1517 874 1582 ascitus
900 1517 956 1580 est.
980 1515 1032 1598 agi
1057 1513 1166 1579 deinde
1186 1513 1342 1595 coeptum,
1363 1509 1539 1592 repertique

388 1621 529 1700 oprauae
543 1619 677 1684 haeresis
692 1622 832 1685 auctores
853 1621 946 1700 atque
968 1619 1007 1683 ab
1027 1617 1171 1683 eeclesiae
1185 1632 1308 1698 corpore
1322 1612 1431 1678 auulsi.
1454 1611 1488 1675 in
1502 1627 1538 1674 eo

415 1738 542 1785 numero
557 1720 642 1786 fuere
656 1720 807 1805 Georgius
822 1722 861 1786 ab
876 1721 1077 1800 Alexandria,
1100 1718 1248 1797 Aeetius,
1269 1716 1441 1793 Eudoxias,
1455 1713 1538 1779 Vra-

415 1824 499 1900 nius,
521 1823 684 1902 Leontius,
708 1824 909 1902 Theodosius
931 1824 1101 1908 Euagrius,
1124 1821 1307 1887 Theodulus.
1332 1819 1385 1884 sed
1399 1815 1572 1883 comeciam

416 1927 529 2009 synodo
554 1926 676 1991 decreta
701 1926 740 1991 ad
765 1927 984 2009 imperatorem
1008 1927 1140 2010 legatio,
1162 1943 1240 2006 quae
1254 1924 1343 2007 gesta
1355 1920 1535 1986 insinuaret.

415 2028 554 2092 damnati
569 2046 687 2110 quoque
702 2029 741 2093 ad
755 2047 859 2112 regem
874 2028 1018 2111 profecti,
1041 2029 1118 2094 satis
1142 2027 1215 2092 freti
1242 2025 1392 2091 sociorum
1417 2022 1537 2087 uiribus

415 2131 447 2196 et
461 2131 608 2214 principis
623 2132 778 2196 societate.

365 2228 405 2292 lc
458 2234 579 2298 Interea
600 2234 719 2318 legatos
741 2234 946 2302 Ariminensis
968 2235 1089 2301 concilii
1111 2253 1146 2299 ex
1160 2236 1249 2316 parte
1262 2232 1436 2297 nostrorum
1450 2247 1536 2294 eom·

415 2336 504 2419 pellit
517 2337 685 2419 imperator
699 2339 780 2403 uniri
794 2340 1018 2405 haereticorum
1032 2336 1252 2402 communioni:
1275 2335 1449 2414 eisdemque
1463 2349 1535 2396 con-
1544 2349 1570 2390 a

415 2440 563 2522 scriptam
577 2440 616 2504 ab
631 2441 779 2524 improbis
794 2442 887 2507 fidem
901 2443 1014 2520 tradit,
1036 2441 1138 2508 uerbis
1158 2438 1337 2505 fallentibus
1350 2435 1535 2512 inuolutam,

386 2546 492 2623 aquae
507 2542 689 2608 catholicam
704 2544 898 2628 disciplinam
912 2545 1041 2628 perfidia
1059 2544 1176 2608 latente
1197 2542 1379 2623 loqueretur.
1402 2555 1537 2619 namque

414 2644 499 2709 usiae
513 2645 642 2709 uerbum
657 2649 817 2728 tamquam
832 2648 1013 2731 ambignum
1028 2649 1060 2712 et
1073 2649 1189 2712 temere
1210 2664 1229 2710 a
1250 2643 1390 2727 patribus
1403 2659 1536 2722 usurpa·

414 2748 499 2825 tum,
521 2766 618 2829 neque
643 2767 678 2812 er
703 2751 887 2815 auctoritate
913 2750 1134 2832 scripturarum
1149 2748 1335 2832 profectum,
1357 2745 1414 2810 sub
1434 2742 1536 2826 specie

414 2848 511 2914 falsae
537 2851 665 2915 rationis
687 2852 843 2930 abolebat,
866 2872 903 2916 ne
928 2853 1019 2917 unius
1044 2871 1114 2916 oum
1140 2854 1228 2934 patre
1248 2845 1571 2916 substantiaefiliusao

415 2952 596 3017 crederetur.
621 2954 726 3018 eadem
741 2954 816 3020 fides
831 2956 966 3020 similem
980 2956 1063 3038 patri
1077 2955 1177 3019 filium
1191 2952 1356 3019 fatebatur.
1379 2949 1433 3014 sed
1453 2949 1535 3012 inte-

414 3055 479 3119 rius
505 3055 611 3120 aderat
635 3056 720 3122 fraus
745 3061 870 3141 parata,
893 3061 930 3123 ut
955 3060 1035 3124 esset
1060 3058 1190 3136 similis,
1212 3076 1273 3122 non
1286 3056 1367 3121 esset
1387 3049 1533 3134 aequalis.

386 3157 461 3224 3ita
475 3157 611 3224 dimissis
635 3161 748 3244 legatis
773 3161 926 3244 praefecto
951 3163 1149 3238 mandatum,
1171 3162 1207 3224 ut
1221 3159 1370 3244 synodum
1383 3175 1444 3221 non
1462 3153 1536 3218 ante

414 3260 547 3340 laxaret,
563 3282 656 3344 quam
671 3265 859 3347 conscriptae
872 3265 944 3331 fidei
959 3265 1128 3332 consentire
1143 3282 1175 3329 se
1186 3282 1290 3329 omnes
1301 3255 1535 3341 subscriptioni-

414 3363 472 3428 bus
486 3364 717 3447 profiterentur:
741 3387 777 3433 ao
792 3369 818 3432 si
833 3370 886 3450 qui
901 3369 1087 3452 pertinacius
1101 3366 1298 3443 obsisterent,
1321 3360 1486 3428 dummodo
1506 3358 1534 3423 is
1543 3376 1569 3418 a:

384 3468 656 3533 4numerus=intra
669 3470 843 3550 quindecim
857 3475 953 3550 esset,
982 3473 1014 3536 in
1040 3471 1166 3536 erilium
1190 3468 1383 3551 pellerentur.
1407 3463 1460 3528 sed
1485 3479 1534 3525 re-

414 3572 527 3652 gressis
548 3571 675 3655 legatis,
711 3572 785 3637 licet
805 3573 872 3638 uim
893 3575 1011 3658 regiam
1034 3572 1280 3657 deprecantibus,
1316 3570 1429 3652 negata
1449 3583 1534 3630 oom-

414 3673 528 3738 munio.
552 3675 706 3741 enimuero
728 3678 892 3760 compertis
914 3696 993 3759 quae
1014 3677 1135 3741 decreta
1156 3675 1244 3740 erant
1264 3672 1362 3738 maior
1383 3688 1485 3735 rerum
1499 3670 1533 3734 et

415 3775 609 3842 consiliorum
645 3780 856 3862 perturbatio:
894 3780 964 3845 dein
998 3779 1150 3862 paulatim
1183 3777 1320 3860 plerique
1347 3775 1533 3851 nostrorum,

414 3878 530 3960 partim
565 3881 779 3948 imbecillitate
819 3883 954 3967 ingenii,
997 3883 1112 3966 partim
1145 3880 1248 3945 taedio
1280 3874 1570 3961 peregrinationisao

414 3981 518 4060 euioti,
547 3983 657 4051 dedere
678 4004 710 4050 se
732 3986 932 4064 aduersariis,
954 3985 1017 4051 iarn
1039 3986 1110 4068 post
1130 3983 1265 4048 reditum
1286 3981 1459 4064 legatorum
1481 3997 1534 4042 su-

413 4085 583 4165 perioribus
605 4089 637 4152 et
652 4088 811 4153 eeclesiam
835 4089 949 4153 nostris
973 4088 1045 4152 inde
1064 4087 1197 4151 detrusis
1217 4082 1439 4168 optinentibus:
1467 4078 1533 4145 iao-

414 4188 506 4268 taque
529 4190 623 4255 semel
643 4191 838 4256 inclinatione
859 4191 1032 4256 animorum
1054 4189 1237 4254 cateruatim
1256 4188 1290 4252 in
1310 4186 1430 4270 partem
1453 4184 1533 4248 alts-

464 4431 636 4516 aerolyms
659 4447 687 4501 P
770 4447 889 4503 orrea
916 4449 944 4502 r>
1040 4441 1269 4506 5111111111.
1305 4442 1331 4498 c.
1362 4441 1532 4507 Heraean

464 4533 482 4588 7
500 4532 676 4602 conscilioque
688 4533 716 4586 P
719 4553 729 4601 ,·
747 4549 781 4588 ec
792 4532 973 4603 consilioque?
1036 4531 1073 4589 10
1089 4531 1234 4585 Lmntinus
1251 4527 1409 4582 deiniw
1430 4528 1443 4594 ΙΙ
1467 4540 1532 4578 111-

412 4617 488 4687 grino
503 4618 641 4673 theodolus
658 4620 687 4674 P
742 4622 778 4678 11
796 4621 952 4690 insynuaret
969 4620 997 4673 P
1058 4617 1094 4674 12
1111 4616 1179 4670 satis
1190 4615 1257 4669 creti
1270 4614 1296 4666 P
1356 4615 1393 4674 15
1410 4610 1483 4668 uniri
1500 4611 1531 4665 b:

412 4703 528 4759 mireP
548 4707 561 4773 ΙΙ
583 4706 731 4775 oomcripta
747 4707 775 4761 P
827 4705 863 4763 16
881 4703 1079 4760 fallantibnsP
1130 4702 1168 4762 25
1185 4700 1386 4770 pertinatiusP
