3834 5634
750 734 863 790 Chron.
883 734 918 797 11,
936 733 1056 791 29--31.
1423 735 1464 802 85

345 887 493 953 nimirum
507 889 552 952 ita
566 889 629 953 Dee
649 889 811 971 placitum,
834 890 870 955 ut
890 907 924 954 eo
943 891 1094 972 tempore,
1117 905 1176 971 quo
1196 888 1362 954 Dominum
1382 889 1464 953 cruci

343 990 499 1070 affixerat,
514 1010 588 1074 gens
603 992 698 1074 impia
712 993 908 1058 internecioni
922 992 1054 1057 daretur.
1076 990 1233 1056 Pharisaei
1247 991 1491 1073 aliquantisperb

343 1110 398 1177 pro
423 1093 539 1174 templo
569 1095 715 1160 acerrime
744 1095 937 1173 restiterunt,
971 1095 1065 1160 donec
1091 1094 1252 1161 obstinatis
1273 1094 1313 1158 ad
1332 1094 1463 1158 mortem

343 1195 455 1261 animis
481 1196 562 1260 ultro
589 1215 621 1260 se
647 1196 790 1262 subiectis
815 1197 938 1282 ignibus
963 1198 1142 1263 intulerunt.
1165 1215 1309 1261 numerus
1323 1215 1462 1278 peremp-

322 1297 446 1363 rtorum
465 1297 504 1363 ad
524 1299 665 1364 undecies
685 1300 810 1365 centena
830 1300 918 1364 milia
931 1299 1076 1378 refertur,
1099 1299 1187 1381 capta
1201 1316 1271 1363 uero
1288 1296 1414 1364 Omilia
1428 1316 1463 1362 ac

342 1401 526 1466 uenundata.
550 1400 647 1465 fertur
669 1401 758 1465 'litus
780 1402 918 1466 adhibito
940 1402 1065 1467 consilio
1092 1402 1177 1484 prius
1204 1401 1400 1479 deliberasse,
1423 1409 1490 1465 ano

341 1503 494 1585 templum
528 1504 607 1568 tanti
642 1504 741 1585 operis
776 1505 932 1570 euerteret.
968 1505 1081 1570 etenim
1109 1503 1262 1569 nonnullis
1290 1503 1461 1581 uidebatur,

341 1606 449 1670 aedem
469 1607 618 1670 sacratam
638 1606 720 1671 ultra
739 1607 840 1672 omnia
860 1607 1002 1672 mortalia
1015 1607 1169 1671 illustrem
1184 1624 1243 1671 non
1257 1607 1393 1688 oportere
1407 1605 1461 1671 de-

339 1706 413 1786 leri,
436 1726 513 1789 quae
538 1709 659 1773 seruata
672 1710 839 1774 modestiae
853 1710 1005 1775 Romanae
1025 1710 1252 1787 testimonium,
1275 1708 1378 1773 diruta
1391 1727 1461 1790 per·

306 1828 451 1880 roennem
471 1811 661 1876 crudelitatis
687 1813 791 1876 notam
806 1813 970 1894 praeberet.
995 1815 1028 1878 at
1043 1813 1147 1877 contra
1166 1811 1220 1875 alii
1241 1812 1272 1876 et
1287 1811 1376 1875 Titus
1396 1812 1488 1893 ipset

340 1912 540 1978 euertendum
559 1914 592 1977 in
611 1913 719 1995 primis
739 1915 889 1996 templum
910 1915 1086 1992 censebant,
1109 1932 1167 1997 qno
1193 1913 1312 1995 plenius
1332 1914 1461 1979 Iudaeo·

339 2033 410 2079 rum
432 2017 464 2080 et
487 2013 727 2080 Christianorum
751 2017 859 2101 religio
879 2019 1051 2082 tolleretur:
1076 2018 1186 2099 quippe
1210 2017 1265 2080 hae
1290 2015 1460 2099 religiones,

339 2117 413 2182 licet
428 2118 591 2183 contrarias
607 2119 680 2197 sibi,
703 2119 802 2184 isdem
816 2120 919 2184 tamen
939 2120 978 2184 cb
998 2120 1170 2185 auctoribus
1184 2118 1348 2201 profectam
1372 2117 1460 2182 (11131-

339 2220 454 2284 stianos
485 2239 521 2284 en
546 2221 667 2286 Iudaeis
688 2222 839 2286 extitisse:
861 2222 961 2286 radice
982 2222 1103 2286 sublata
1124 2222 1250 2302 stirpem
1270 2219 1359 2284 facile
1379 2222 1460 2302 peri·

305 2322 451 2388 returam.
474 2323 520 2387 ita
538 2324 597 2387 Dei
616 2324 693 2388 nutu
714 2325 846 2388 accensis
861 2325 999 2389 omnium
1019 2324 1130 2388 animis
1145 2323 1295 2404 templum
1311 2323 1487 2400 dirutum,8

339 2424 450 2489 abhinc
486 2443 579 2490 annos
604 2426 753 2490 trecentos
789 2427 917 2510 triginta
943 2427 974 2490 et
999 2447 1103 2491 unum.
1132 2427 1223 2506 atque
1247 2425 1321 2489 haec
1345 2424 1457 2489 ultima

337 2527 448 2609 templi
474 2527 589 2592 euersio
614 2529 645 2592 et
669 2530 821 2610 postrema
846 2530 1028 2593 Iudaeorum
1053 2529 1231 2610 captiuitaS,
1254 2546 1314 2609 qua
1328 2527 1459 2591 extorres

337 2630 439 2711 patria
463 2649 517 2711 per
542 2630 645 2695 orbem
669 2632 821 2695 terrarum
846 2631 974 2713 dispersi
1000 2631 1177 2708 comuntur,
1211 2630 1321 2694 cotidie
1346 2629 1459 2693 mundo

335 2732 512 2796 testimonio
529 2734 613 2810 sunt,
636 2751 696 2797 333
711 2734 749 2797 ob
763 2734 847 2798 aliud
862 2752 911 2798 eos
927 2754 1020 2816 quam
1040 2734 1077 2798 ob
1092 2733 1197 2798 illatas
1214 2731 1334 2796 Christo
1349 2732 1459 2812 impias

301 2852 444 2899 romanus
458 2834 553 2899 fuisse
567 2835 698 2916 punitos.
721 2855 793 2900 nam
808 2855 895 2918 saepe
910 2837 1000 2916 ahas,
1024 2855 1093 2901 cum
1107 2837 1229 2918 propter
1243 2834 1365 2917 peccata
1388 2852 1459 2916 oap-

333 2936 512 3001 tiuitatibus
526 2937 731 3017 traderentur,
754 2959 922 3020 numquam
942 2941 1046 3005 tamen
1065 2938 1147 3003 ultra
1166 2957 1238 3002 nxx
1253 2955 1345 3002 annos
1360 2936 1458 3000 serui-

334 3038 413 3103 tutis
427 3057 555 3120 poenam
570 3041 784 3121 pependenmt.

376 3141 540 3206 interiecto
566 3143 636 3206 dein
661 3144 797 3225 tempore
817 3145 1026 3221 Domitianus,
1050 3143 1228 3225 Vespasiani
1242 3143 1334 3220 filius,
1355 3161 1457 3224 perse-
1467 3139 1504 3203 31

334 3244 423 3307 cutus
449 3244 496 3308 est
521 3242 797 3328 christianosque
823 3249 958 3328 tempore
988 3246 1155 3310 Iohannem
1175 3244 1347 3326 apostolum
1366 3245 1458 3326 atque

301 3347 557 3430 ,renaugelistam
579 3347 611 3411 in
635 3348 804 3412 Pathmum
829 3348 961 3412 insulam
987 3347 1151 3430 relegauit:
1186 3347 1240 3411 ubi
1259 3346 1313 3410 ille
1340 3347 1456 3411 arcanis

334 3449 394 3513 sibi
408 3449 563 3532 mysteriis
578 3450 722 3515 reuelatis
742 3450 857 3514 librum
878 3468 979 3514 sacrae
993 3449 1208 3532 ApocalypsiS,
1232 3449 1284 3530 qui
1300 3449 1457 3530 quideme
1518 3471 1522 3486 ·

333 3551 486 3634 plerisque
501 3553 555 3616 aut
569 3553 664 3616 stulte
678 3553 731 3617 aut
751 3553 846 3634 impie
866 3570 925 3617 non
945 3552 1106 3633 recipitur,
1129 3551 1333 3632 conscriptum
1348 3550 1454 3614 edidit.

334 3671 394 3718 non
414 3653 513 3717 multo
536 3654 643 3719 deinde
664 3654 825 3720 interuallo
847 3656 939 3720 tertia
954 3655 1121 3736 persecutio
1136 3674 1189 3736 per
1204 3653 1369 3717 Traianum
1384 3653 1484 3717 suita

335 3757 388 3838 qui
403 3775 474 3821 cum
488 3758 649 3822 tormentis
665 3759 696 3822 et
711 3758 938 3840 quaestionibus
953 3757 1032 3822 nihil
1045 3758 1079 3821 in
1094 3755 1274 3821 Christianis
1289 3757 1387 3821 morte
1402 3756 1457 3820 aut

304 3878 431 3941 repoena
444 3859 573 3943 dignum
587 3861 781 3942 repperisset,
797 3861 908 3926 saeuiri
922 3861 956 3925 in
970 3877 1020 3924 eos
1034 3860 1117 3924 ultra
1127 3859 1235 3924 uetuit.
1252 3858 1309 3922 sub
1320 3857 1482 3924 Adrianoo

336 3962 444 4027 deinde
469 3963 574 4027 Iudaei
602 3963 747 4027 rebellare
772 3963 949 4040 uoluerunt,
973 3961 1094 4045 Syriam
1108 3981 1143 4027 ac
1157 3961 1363 4026 Palaestinam
1378 3961 1454 4025 diri-

386 4183 404 4238 2
422 4171 531 4236 farisaei
544 4184 571 4237 P
621 4184 639 4242 5
658 4183 678 4238 (1
691 4185 720 4238 b:
733 4201 780 4237 om.
795 4185 835 4251 P;
848 4183 869 4238 (1
880 4183 957 4237 milia
969 4183 1046 4236 hobel
1060 4183 1210 4248 Eusebiae,
1231 4187 1304 4254 τρεῖς
1316 4178 1455 4254 μυριάδας

337 4267 491 4337 3333331133,
510 4269 544 4322 ad
556 4268 577 4323 (1
588 4268 664 4322 milia
680 4269 802 4323 Droeloe
813 4268 962 4322 3333333333
974 4267 1120 4335 Joeephcm
1183 4266 1202 4323 8
1220 4270 1338 4335 oportere
1353 4268 1391 4320 P:
1410 4265 1454 4319 de-

336 4353 929 4422 1333113,331331333Ρ33133333133333133
992 4353 1179 4422 9perenneP
1230 4353 1265 4409 11
1285 4350 1455 4420 templumin

337 4438 458 4506 primish
479 4441 491 4507 ΙΙ
510 4440 627 4508 penitius
637 4442 704 4494 coni.
727 4441 855 4508 Beroops
862 4456 889 4506 p.
904 4442 954 4507 575
967 4445 996 4493 at
1007 4456 1033 4492 a.
1048 4438 1121 4507 331,
1135 4441 1179 4506 35,
1192 4442 1210 4491 9
1264 4437 1301 4494 13
1313 4435 1416 4490 hisdem
1427 4436 1455 4489 P

347 4524 358 4591 ΙΙ
382 4523 415 4577 31)
427 4525 471 4578 blo
491 4525 754 4593 333131133Ρ3313,
773 4524 931 4578 3313133333
951 4524 1080 4594 81933133
1141 4524 1177 4580 17
1196 4523 1303 4592 quaeP
1354 4520 1390 4576 18
1407 4536 1453 4589 pa·

335 4608 388 4662 tria
410 4610 450 4677 P,
469 4627 526 4664 333
544 4611 661 4679 patriae,
680 4617 712 4665 ct
732 4612 773 4664 ott
793 4611 827 4664 de
848 4611 935 4664 Proto
996 4609 1033 4667 23
1051 4609 1172 4664 deindeb
1234 4607 1272 4663 24
1289 4607 1417 4661 Joannem
1437 4607 1453 4662 b

386 4696 424 4754 25
443 4696 567 4750 Patmum
580 4697 701 4750 Droeios
723 4698 735 4764 ΙΙ
758 4695 878 4750 archanis
892 4697 919 4749 P
