3834 5634
1442 730 1509 777 XIII

389 866 546 939 secunda
571 865 693 963 utique
715 864 834 937 omitti
856 875 1022 964 poterat,
1047 866 1216 962 quoniam
1238 865 1327 939 alius
1349 865 1448 938 locus
1470 865 1508 938 in

389 1012 484 1058 nouo
521 985 738 1084 scriptorum
762 984 1085 1059 ecclesiasticorum
1108 1010 1257 1083 corpore
1280 985 1374 1058 inter
1395 985 1508 1060 libros

387 1105 530 1204 spurios
553 1104 768 1204 Hieronymi
786 1104 949 1204 patebat,
972 1105 1091 1178 minus
1109 1105 1210 1178 facile
1227 1105 1395 1202 reliquae,
1418 1131 1508 1204 quae

387 1227 424 1298 in
449 1226 567 1323 aliquo
592 1226 717 1298 saltem
742 1225 924 1298 uolumine
946 1227 1164 1324 repetendae
1187 1237 1299 1298 erant.
1329 1251 1368 1298 re
1398 1226 1506 1324 longe

385 1347 585 1445 ponderata
608 1346 763 1443 denique
786 1344 833 1418 ob
864 1371 940 1418 eam
975 1345 1086 1417 solam
1118 1369 1260 1418 causam
1282 1345 1506 1445 recipiendas

386 1464 611 1556 existimaui,
635 1491 680 1538 ne
704 1466 791 1563 quid
815 1465 912 1563 quod
930 1464 968 1536 in
988 1465 1170 1563 superiore
1189 1464 1347 1538 editione
1366 1475 1507 1538 extaret

385 1588 422 1659 in
446 1613 540 1659 noua
563 1585 835 1659 desideraretur.
867 1585 913 1660 ob
946 1588 1094 1660 eandem
1117 1612 1258 1659 causam
1281 1584 1428 1659 breuem
1450 1585 1506 1659 ui-

324 1703 333 1718 '
384 1717 457 1779 tam
480 1705 628 1805 Sulpicii
650 1732 697 1779 ex
720 1705 896 1780 Gennadii
926 1708 1090 1804 catalogo
1120 1705 1282 1779 uirorum
1311 1705 1504 1778 illustrium

383 1827 454 1900 huc
477 1825 699 1900 adiciendam
720 1826 938 1926 putauimus

421 2783 549 2847 Seuerus
569 2783 726 2866 presbyter
747 2784 945 2868 cognomento
967 2782 1135 2865 Sulpicius,
1158 2782 1361 2866 Aquitanicae
1375 2783 1499 2866 prouin-

377 2903 451 2981 ciae,
467 2903 516 2966 uir
531 2921 637 2986 genere
652 2904 683 2967 et
698 2904 874 2969 litteratura
887 2904 999 2968 nobilis
1015 2905 1046 2970 et
1060 2905 1248 2987 paupertatis
1263 2907 1355 2988 atque
1369 2904 1499 2969 humili-

376 3023 451 3087 tatis
473 3041 573 3087 amore
594 3024 789 3105 conspicuus,
813 3043 899 3088 carus
915 3025 1010 3090 etiem
1025 3027 1199 3090 sanctemm
1212 3026 1349 3090 uirorum
1369 3024 1497 3089 Martini

377 3143 560 3208 Turonensis
576 3144 707 3226 episcopi
722 3144 753 3207 et
767 3144 890 3208 Paulini
901 3144 1052 3223 Nolendo,
1068 3144 1191 3226 scripsit
1205 3163 1266 3209 non
1280 3145 1499 3210 contemnenda

375 3264 529 3344 opuscula.
552 3283 624 3329 nam
639 3264 783 3346 epistolas
809 3264 848 3328 ad
874 3282 1009 3330 amorem
1033 3264 1092 3330 Dei
1118 3267 1149 3330 et
1164 3267 1373 3347 contemptum
1388 3264 1497 3328 mimdi

373 3382 555 3448 hortatorias
567 3385 689 3467 scripsit
702 3384 796 3448 sorori
807 3403 879 3449 suae
890 3385 1022 3463 multas,
1039 3403 1115 3467 quae
1129 3386 1161 3449 et
1174 3386 1263 3449 notae
1278 3386 1358 3450 sunt.
1375 3383 1497 3465 scripsit

374 3505 404 3567 et
420 3504 458 3567 ad
473 3504 684 3585 supradictum
698 3505 865 3569 Paulinum
878 3504 1034 3569 Nolanum
1049 3504 1124 3569 duas
1140 3505 1224 3569 etad
1239 3505 1315 3568 alios
1330 3504 1421 3582 alias,
1438 3505 1491 3569 sed

374 3625 446 3705 quia
466 3625 499 3689 in
521 3624 675 3706 aliquibus
690 3625 786 3691 etiem
800 3625 964 3690 familiaris
979 3624 1142 3690 necessitas
1157 3625 1272 3690 inserta
1286 3625 1348 3703 est,
1371 3642 1431 3688 non
1445 3624 1494 3688 di·

372 3747 529 3828 gerrmtur.
554 3747 723 3828 composuit
743 3747 774 3811 et
789 3746 937 3811 chronica.
962 3746 1085 3828 scripsit
1110 3747 1141 3812 et
1166 3747 1205 3811 ad
1229 3747 1400 3811 multorum
1424 3762 1495 3826 pro-

372 3863 488 3929 fectum
505 3865 603 3929 uitam
618 3866 701 3930 beati
715 3866 843 3931 Martini
857 3867 999 3931 monachi
1019 3869 1050 3932 et
1073 3867 1222 3950 episcopi,
1244 3866 1342 3950 signis
1367 3866 1398 3929 et
1423 3883 1494 3947 pro-

371 3984 465 4068 digiis
480 4004 515 4049 ac
530 3985 700 4051 uirtutibus
714 3986 846 4050 illustris
864 3987 942 4051 uiri:
966 3988 997 4051 et
1023 3986 1217 4052 collationem
1242 3986 1436 4051 Postumiani
1461 3986 1494 4049 et

371 4103 454 4168 Galli
469 4124 500 4170 se
515 4107 668 4171 mediante
686 4108 717 4171 et
732 4106 833 4171 iudice
853 4106 891 4170 de
917 4107 1144 4173 conuersatione
1158 4108 1377 4172 monachorum
1392 4106 1492 4171 orien-

369 4224 482 4288 talium
506 4226 537 4289 et
562 4225 659 4309 ipsius
684 4226 813 4291 Martmi
834 4227 975 4292 habitam
995 4228 1028 4292 in
1048 4228 1163 4312 dialogi
1179 4229 1309 4310 speciem
1324 4229 1443 4292 duabus
1457 4228 1491 4293 in

369 4345 589 4411 concisionibus
605 4346 847 4429 comprehendit,
869 4347 902 4412 in
917 4366 1046 4429 quarum
1060 4348 1159 4430 priore
1179 4349 1271 4414 refert
1287 4368 1340 4414 suo
1355 4351 1492 4431 ternpore

367 4465 449 4546 apud
470 4466 687 4530 Alexandriam
712 4465 825 4550 synodo
847 4467 1056 4548 episcoporum
1083 4469 1253 4549 decretum,
1276 4469 1438 4553 Origenem
1459 4471 1491 4534 et

367 4585 488 4650 cautius
509 4606 527 4650 a
549 4586 737 4668 sapientibus
757 4604 810 4668 pro
825 4587 912 4652 bonis
927 4588 1092 4672 legendum
1107 4591 1138 4654 et
1152 4610 1170 4654 a
1184 4591 1286 4656 minus
1301 4588 1492 4673 capientibus
