3834 5634
428 721 490 785 124
843 719 991 790 Sulpicii
1008 719 1124 774 Seueri

397 876 536 959 aageute
551 876 642 939 uento
656 874 851 940 flemmarum
865 876 950 961 globi
965 875 1147 941 ferebantur.
1164 875 1244 958 quod
1258 874 1313 939 ubi
1326 874 1479 939 Martinus
1493 872 1548 937 ad-

426 978 540 1057 uertit,
563 978 668 1060 rapido
683 997 773 1043 cursu
787 980 904 1044 tectum
918 980 1027 1044 domus
1042 980 1174 1057 scandit,
1197 978 1324 1043 obuium
1339 996 1370 1041 se
1385 976 1548 1041 aduenien-

427 1081 511 1145 tibus
537 1081 671 1145 flammis
697 1082 837 1147 inferens.
871 1084 940 1147 tum
966 1101 1037 1147 uero
1065 1083 1181 1146 mirum
1206 1083 1239 1146 in
1263 1081 1390 1145 modum
1415 1096 1549 1144 cerneres

428 1185 533 1249 contra
552 1185 618 1249 uim
633 1185 719 1250 uenti
743 1186 847 1269 ignem
867 1186 1049 1267 retorqueri,
1071 1187 1108 1250 ut
1128 1184 1400 1268 compugnantium
1418 1182 1498 1245 inter
1517 1198 1549 1244 se

429 1287 649 1353 elementorum
664 1289 790 1370 quidam
805 1288 963 1353 conflictus
977 1289 1141 1352 uideretur.
1164 1289 1210 1352 ita
1228 1287 1345 1351 uirtute
1364 1283 1491 1350 Martini
1505 1283 1550 1347 ibi
1572 1299 1584 1339 ⁵

399 1391 552 1455 etautum
574 1391 655 1475 ignis
678 1393 725 1454 est
746 1393 901 1472 operatus,
924 1391 980 1456 ubi
1000 1391 1102 1456 iussus
1124 1391 1179 1454 est.
1203 1391 1240 1454 In
1261 1390 1328 1453 uico
1351 1389 1472 1465 autem,
1500 1385 1551 1451 cui

428 1494 596 1574 Leprosum
616 1512 726 1558 nomeu
745 1495 807 1572 est,
830 1512 901 1558 cum
915 1494 1025 1558 itidem
1039 1493 1191 1574 templum
1211 1491 1479 1574 opulentissimum
1498 1507 1551 1552 su-

429 1596 608 1678 perstitione
622 1596 780 1680 religionis
794 1597 942 1661 uoluisset
956 1597 1105 1674 euertere,
1120 1595 1237 1660 restitit
1251 1595 1279 1659 ei
1293 1593 1462 1659 multitudo
1477 1610 1551 1675 gen·

397 1698 548 1776 ltilium,
572 1699 644 1763 adeo
666 1701 781 1764 utnon
800 1700 913 1781 absque
941 1700 1054 1764 iniuria
1073 1699 1116 1763 sit
1135 1699 1282 1780 repulsus.
1305 1699 1409 1779 itaque
1429 1695 1553 1761 secessit

429 1801 467 1865 ad
492 1803 630 1883 proxima
657 1803 738 1880 loca,
760 1803 864 1885 ibique
889 1821 942 1883 per
967 1803 1106 1866 triduum
1132 1802 1231 1866 cilicio
1255 1802 1355 1865 tectus
1384 1802 1415 1865 et
1443 1800 1551 1876 cincre,
1561 1812 1587 1851 1⁰

430 1904 567 1968 ieiunans
582 1922 701 1986 semper
715 1905 812 1986 adque
827 1922 930 1982 orans,
953 1905 1133 1986 precabatur
1147 1905 1186 1969 ad
1200 1904 1384 1981 Dominum,
1406 1905 1457 1982 ut,
1480 1902 1553 1983 quia

429 2007 580 2088 templum
596 2006 675 2070 illud
690 2008 823 2071 euertere
837 2008 971 2072 humana
985 2026 1094 2071 manus
1108 2025 1168 2072 nou
1182 2007 1342 2089 potuisset,
1359 2007 1459 2071 uirtus
1473 2005 1553 2069 illud

401 2108 535 2173 addua
550 2109 692 2174 dirueret.
723 2111 793 2175 tum
813 2110 914 2175 subito
936 2111 965 2174 ei
986 2110 1045 2174 duo
1067 2111 1168 2194 angeli
1187 2110 1303 2175 hastati
1323 2110 1421 2192 adque
1441 2108 1554 2173 scutati

430 2211 526 2275 instar
541 2212 671 2276 militiae
686 2212 823 2276 caelestis
839 2232 870 2277 se
885 2213 1077 2291 obtuleruut,
1101 2213 1235 2278 dicentes
1265 2213 1374 2277 missos
1401 2231 1432 2276 so
1452 2231 1471 2276 a
1490 2213 1554 2276 Do·

429 2315 529 2392 mino,
545 2316 581 2378 ut
594 2316 742 2380 rusticam
756 2316 991 2381 multitudinem
1006 2315 1148 2400 fugarent
1162 2316 1408 2398 praesidiumque
1422 2314 1590 2378 Mantinon

429 2416 557 2496 ferrent,
585 2419 727 2500 nequis,
751 2420 826 2483 dum
854 2420 1007 2502 templum
1032 2419 1217 2497 dirueretur,
1245 2419 1421 2482 obsisteret:
1444 2416 1557 2482 rediret

402 2532 501 2604 bergo
522 2523 553 2585 et
573 2538 648 2602 opus
670 2523 811 2603 coeptum
831 2523 959 2586 deuotus
981 2523 1131 2604 impleret.
1154 2523 1200 2586 ita
1218 2540 1373 2605 regressus
1388 2521 1427 2585 ad
1441 2520 1555 2598 uicum,

431 2625 673 2706 inspectantibus
688 2625 853 2709 gentilium
873 2625 974 2689 turbis
995 2627 1026 2688 et
1046 2624 1286 2706 quiescentibus,
1309 2625 1383 2688 dum
1398 2622 1557 2705 profanam

432 2727 537 2791 aedem
563 2745 658 2808 usque
684 2728 723 2791 ad
749 2726 948 2791 fundamenta
977 2727 1125 2806 dirueret,
1146 2747 1213 2792 aras
1228 2746 1332 2792 omncs
1347 2728 1445 2809 adque
1459 2726 1557 2790 simu-

403 2830 514 2895 tlacra
528 2829 647 2912 redegit
661 2830 694 2894 in
708 2830 874 2911 puluerem.
898 2850 957 2911 quo
973 2831 1041 2893 uiso
1055 2831 1178 2909 rustici,
1203 2850 1274 2895 cum
1294 2849 1326 2895 se
1346 2829 1594 2913 intellegerentur

433 2931 537 2996 diuino
560 2933 638 2995 nutu
654 2931 878 3013 obstupefactos
894 2933 992 3014 adque
1007 2933 1198 3014 perterritos,
1220 2952 1258 2998 ne
1284 2934 1422 3016 episcopo
1447 2950 1559 3014 repug-

430 3034 546 3112 narent,
563 3052 666 3098 omnes
681 3034 743 3098 lere
758 3036 861 3099 Iesum
875 3035 1045 3099 Dominum
1059 3035 1260 3114 crediderunt,
1276 3036 1442 3101 clamantes
1456 3035 1559 3116 palam

433 3139 464 3201 et
479 3137 671 3215 confitentes,
694 3138 795 3202 Deum
809 3138 938 3202 Martini
952 3137 1129 3217 colendum,
1152 3138 1234 3203 idola
1248 3140 1352 3204 autem
1366 3137 1559 3221 neclegenda,

433 3260 509 3323 quae
523 3260 579 3306 nec
593 3241 653 3305 sibi
668 3261 723 3306 888
737 3241 814 3306 81118
827 3242 932 3306 adesse
946 3242 1078 3322 possent.

483 3413 501 3468 2
519 3411 626 3465 obuiam
637 3412 668 3465 F
717 3410 734 3467 6
752 3414 875 3480 operatus
887 3415 929 3466 est
940 3413 971 3467 F
1021 3414 1038 3470 7
1057 3415 1176 3482 leprosus
1189 3413 1228 3477 A,
1247 3412 1380 3467 lebrosum
1393 3412 1450 3467 cod.
1465 3411 1557 3466 Berol.

433 3499 576 3566 (Vorstr'c'),
586 3498 685 3551 libroso
697 3499 742 3561 M,
761 3498 874 3553 librosso
886 3499 942 3553 cod.
956 3499 1063 3565 ocreae,
1075 3500 1190 3554 librasse
1202 3499 1240 3563 B,
1259 3500 1324 3566 fori.
1338 3499 1453 3567 Leproso
1465 3498 1559 3566 (dise-

432 3585 508 3638 liaus
519 3591 591 3638 tecet
604 3584 637 3638 818
648 3585 706 3638 suis
719 3585 810 3650 libris)
834 3585 846 3652 ΙΙ
874 3585 970 3639 itidem
982 3586 1045 3640 ΒΜ
1048 3605 1055 3640 :
1067 3585 1138 3639 idem
1155 3585 1226 3639 AFo
1248 3585 1260 3653 ll
1284 3584 1484 3653 superstitiosae
1498 3582 1561 3644 reli·

432 3669 520 3739 gionis
532 3670 559 3723 B
571 3677 597 3724 et
608 3674 627 3723 2
640 3670 715 3724 codol.
734 3671 815 3724 Gisct.
882 3672 918 3728 11
938 3673 1106 3726 aDominoo
1169 3671 1206 3727 12
1225 3670 1289 3724 illut
1304 3671 1331 3724 V
1350 3671 1362 3737 ΙΙ
1384 3686 1479 3723 manus
1491 3670 1560 3724 BV:

431 3772 512 3811 mauu
523 3756 610 3823 Arc,
629 3757 744 3811 contulit
756 3757 790 3810 dc
802 3758 889 3811 Proto
906 3758 987 3827 Grcp.
1004 3759 1107 3812 Turoa.
1120 3758 1145 3811 b.
1158 3756 1263 3810 Fraus,
1282 3756 1365 3823 VIII,
1378 3759 1428 3809 12:
1442 3754 1563 3808 diuinam

432 3841 640 3898 misericordiam
650 3881 673 3894 ..
693 3841 848 3910 flagitabat,
867 3845 898 3896 ut
915 3844 979 3912 quia
996 3843 1024 3897 id
1040 3845 1086 3912 (sc.
1107 3842 1289 3911 simulacrum)
1300 3842 1416 3895 humana
1428 3839 1562 3894 industria

433 3931 551 3985 euertere
565 3943 617 3980 uon
626 3927 740 3991 ualeret,
754 3928 842 3981 uirtus
851 3929 920 3982 illud
932 3929 1025 3983 diuina
1033 3928 1181 3982 destrueret
1229 3927 1266 3983 16
1278 3927 1389 3996 rediret]
1399 3926 1463 3980 dum
1472 3926 1526 3979 iret
1539 3926 1567 3980 V

486 4015 522 4072 17
541 4031 603 4084 crgo
614 4030 679 4083 opus
691 4014 842 4082 incoeptum
853 4015 884 4068 F
903 4016 915 4082 Η
937 4015 1091 4069 deuotumv
1153 4013 1190 4070 18
1209 4013 1393 4083 spectantibus
1405 4013 1443 4066 M
1444 4053 1450 4076 ,
1471 4027 1563 4080 expec-

433 4101 554 4155 tautibus
575 4100 633 4153 BV
683 4099 718 4156 19
737 4100 910 4154 fundamenta
930 4101 961 4154 F
976 4101 1025 4155 aad
1044 4101 1143 4154 ultima
1160 4116 1176 4153 a
1193 4101 1226 4153 ta
1242 4116 1311 4163 ras,
1331 4099 1564 4152 fundamentumo

485 4187 524 4244 22
536 4187 591 4240 fere
601 4202 648 4240 orn.
659 4187 690 4241 F
691 4203 735 4254 pr.
746 4203 778 4240 m.
797 4187 809 4254 ΙΙ
825 4187 914 4240 Iesum
926 4187 999 4241 MV:
1020 4186 1154 4239 inlesum
1166 4185 1239 4240 AFo
1250 4185 1290 4253 (in
1301 4185 1436 4239 dominum
1447 4185 1473 4238 J.
1484 4184 1525 4253 F)
1541 4185 1553 4253 11

434 4272 669 4341 clamantesqucF
720 4272 759 4328 23
771 4271 906 4325 domiuum
921 4272 957 4326 V¹
974 4273 986 4340 ΙΙ
1002 4273 1092 4325 autem
1109 4273 1145 4326 V:
1156 4288 1204 4326 om.
1214 4271 1287 4326 AFc
1305 4273 1318 4340 ll
1337 4270 1568 4340 neglegenduAF

486 4359 525 4416 24
536 4375 584 4414 uec
605 4357 658 4412 sibi
679 4373 726 4412 nec
748 4357 809 4411 aliis
830 4357 920 4411 adesse
941 4356 976 4411 de
989 4359 1091 4412 Prato:
1108 4374 1156 4412 nec
1169 4357 1222 4410 sibi
1239 4357 1330 4410 adesse
1347 4357 1382 4422 V,
1406 4356 1460 4411 sibi
1472 4356 1565 4412 adesse

434 4464 487 4502 uon
504 4446 560 4500 rell.
581 4451 607 4499 ct
623 4462 655 4512 c,·
675 4446 709 4512 cf.
734 4443 814 4513 Grcp.
837 4445 940 4498 Terea.
960 4445 984 4498 b.
1004 4445 1054 4499 Fr.
1069 4445 1111 4512 II,
1124 4447 1162 4498 29
1179 4442 1250 4496 nihil
1262 4444 1325 4495 sunt
1337 4441 1377 4495 dii
1389 4458 1454 4511 quos
1466 4443 1564 4505 colitis,

436 4533 482 4602 qui
494 4548 578 4600 neque
590 4531 643 4584 sibi
655 4546 739 4598 neque
752 4528 814 4583 81118
826 4531 970 4598 potuerunt
982 4529 1135 4593 subuenire,
1154 4535 1180 4582 ct
1192 4529 1234 4596 II,
1248 4531 1282 4582 31
1293 4527 1380 4596 coepit
1392 4527 1417 4582 ei
1429 4528 1565 4583 insinuare

435 4621 499 4673 ut..
519 4618 591 4671 idola
602 4617 765 4686 neglIgeret,
783 4630 851 4683 quae
868 4630 953 4683 neque
965 4615 1019 4668 sibi
1032 4630 1116 4684 neque
1130 4613 1193 4668 aliis
1207 4612 1329 4682 prodesse
1343 4616 1452 4681 possent
1472 4615 1484 4682 ΙΙ
1505 4630 1565 4684 pos-

436 4705 478 4756 set
499 4702 653 4772 V,possunt
664 4702 692 4755 A
