3834 5634
417 717 459 781 74
837 713 986 784 Sulpicii
1003 713 1121 768 Seueri

415 870 540 936 turbare
555 873 726 954 coeperunt,
739 870 916 936 affectantes
928 889 1085 934 summurn
1096 869 1299 935 sacerdotium
1309 869 1448 946 libidine,
1463 886 1539 932 aua-

415 972 489 1038 ritia
503 975 535 1037 et
549 974 726 1038 dominandi
741 972 891 1055 cupidine.

367 1078 405 1141 18
458 1076 598 1158 Namque
618 1076 754 1159 primurn
787 1077 844 1141 sub
875 1095 946 1159 rege
979 1075 1119 1155 Seleuco,
1151 1076 1298 1141 Antiochi
1327 1075 1434 1159 magni
1463 1072 1538 1152 filio,

292 1255 296 1262 ,
415 1177 526 1244 Oniam
538 1179 735 1257 sacerdotem,
747 1179 851 1243 uirum
862 1180 1004 1244 sanctum
1016 1181 1108 1261 atque
1119 1180 1284 1263 integrum,
1296 1178 1402 1243 Simon
1412 1176 1540 1259 quidam

414 1280 502 1347 falsis
523 1283 606 1365 apud
626 1300 730 1365 regern
751 1281 931 1346 criminibus
954 1281 1170 1348 insimulatum
1189 1284 1328 1347 excutere
1348 1280 1537 1363 nequiuerat.
1562 1294 1575 1334 ⁶

386 1382 572 1451 hinteriecto
595 1385 703 1448 deinde
724 1385 860 1467 tempore
875 1385 967 1449 Iason
987 1385 1083 1450 frater
1104 1384 1199 1450 Oniae
1214 1384 1403 1450 Antiochum
1425 1401 1539 1466 regern,

414 1487 468 1568 qui
482 1485 605 1552 Seleuco
627 1486 718 1552 fratri
739 1489 937 1565 successerat,
961 1487 1056 1566 adiit,
1072 1490 1273 1572 augmentum
1287 1486 1433 1569 stipendii
1447 1484 1540 1567 polli-

385 1596 402 1651 3
414 1607 492 1667 cens,
508 1588 535 1652 si
550 1588 610 1653 sibi
625 1608 781 1654 summurn
793 1590 999 1654 secerdotium
1013 1591 1194 1654 traderetur.
1210 1591 1241 1654 et
1255 1608 1442 1672 quamquam
1456 1588 1540 1651 inso-

412 1690 507 1756 litum
528 1710 624 1773 neque
647 1694 717 1756 ente
738 1692 923 1773 permissum
945 1695 1013 1758 erat
1034 1695 1178 1774 perpetuo
1199 1692 1366 1757 sacerdotio
1386 1689 1539 1773 perfungi,

413 1794 564 1859 sollicitus
579 1795 684 1858 tamen
698 1794 778 1877 regis
794 1794 924 1873 animus,
941 1813 1031 1878 aeger
1044 1795 1187 1873 auaritia,
1203 1785 1292 1860 facile
1306 1795 1466 1875 superatus
1481 1793 1538 1856 est.
1549 1807 1576 1848 ιο

384 1896 460 1961 4ita
473 1897 598 1977 depulso
611 1894 689 1961 Onia
701 1897 801 1960 lesem
814 1897 1019 1962 sacerdotium
1029 1899 1220 1963 mandatum.
1237 1898 1263 1961 is
1275 1897 1361 1961 foede
1372 1896 1541 1961 admodum

413 1998 496 2062 ciues
516 1998 710 2080 patriamque
731 1999 889 2063 lacerarit.
919 1999 991 2063 dein
1011 2020 1083 2065 cum
1103 2019 1158 2082 per
1177 2001 1352 2065 Menelaum
1377 1998 1540 2081 quendam,

413 2099 546 2166 Simonis
568 2101 653 2164 illius
668 2100 807 2179 fratrem,
829 2102 1014 2183 promissam
1028 2103 1093 2186 regi
1107 2103 1268 2184 pecuniam
1283 2102 1428 2179 misisset,
1451 2102 1540 2182 pate-

413 2203 497 2268 facta
518 2203 613 2267 semel
635 2203 799 2268 ambitioni
820 2204 888 2281 uia,
915 2204 1012 2269 isdem
1035 2205 1170 2284 artibus,
1198 2206 1310 2287 quibus
1332 2206 1422 2269 Iason
1443 2203 1539 2285 prius,

385 2306 568 2370 5Menelaus
583 2306 787 2371 sacerdotium
799 2306 982 2372 obtinuerat.
995 2325 1050 2372 nec
1064 2308 1163 2372 multo
1178 2310 1257 2390 post,
1270 2327 1340 2372 curn
1353 2307 1541 2388 promissum
1549 2321 1575 2360 ¹⁵

413 2409 533 2493 argenti
547 2409 674 2473 modum
688 2427 748 2472 non
762 2409 954 2488 reddidisset,
970 2410 1035 2474 loco
1049 2410 1191 2491 pellitur:
1206 2410 1408 2493 Lysimachus
1423 2407 1540 2473 substi-

412 2513 522 2577 tuitur.
547 2511 617 2576 inde
639 2512 719 2576 inter
740 2512 881 2577 Iasonem
895 2515 927 2576 et
941 2512 1116 2577 Menelaum
1137 2512 1226 2577 foeda
1240 2512 1422 2590 certamina,
1445 2511 1541 2575 donec

386 2615 503 2679 elaeon
524 2614 672 2697 profugus
693 2614 795 2695 petria
817 2614 954 2678 excessit.
977 2615 1026 2678 his
1047 2614 1148 2679 initiis
1170 2615 1321 2697 corruptis
1342 2613 1480 2678 moribus
1505 2629 1540 2676 eo

413 2735 509 2799 usque
522 2734 711 2798 processum,
734 2718 770 2780 ut
784 2717 920 2798 plerique
941 2717 1136 2798 popularium
1151 2717 1190 2782 ab
1205 2717 1358 2801 Antiocho
1372 2716 1540 2798 poscerent,

413 2818 554 2903 permitti
575 2818 635 2882 sibi
656 2836 740 2882 more
762 2819 927 2901 gentilium
949 2819 1062 2884 uiuere.
1093 2820 1173 2902 quod
1200 2840 1271 2885 curn
1292 2838 1344 2884 rex
1364 2818 1576 2900 petentibusoo

414 2921 584 2997 annuisset,
615 2920 757 2984 certatim
782 2921 932 3002 pessimus
961 2922 1088 3004 quisque
1114 2924 1241 2988 delubra
1266 2925 1418 3000 extruere,
1447 2920 1540 2985 idolis

413 3022 594 3104 supplicare,
616 3022 717 3105 legem
737 3022 897 3103 profanare
918 3028 1082 3106 occeperat.
1105 3025 1222 3090 interea
1236 3025 1407 3090 Antiochus
1421 3023 1541 3088 rediens

386 3126 452 3191 tab
475 3124 661 3189 Alexandria
689 3163 730 3170 —
756 3144 889 3207 namque
911 3128 980 3191 turn
1001 3127 1118 3192 bellum
1132 3128 1197 3211 regi
1212 3127 1366 3211 Aegyptio
1380 3126 1540 3204 intulerat,

414 3228 495 3310 quod
516 3227 602 3292 iussu
624 3229 748 3292 senatus
771 3229 802 3292 et
824 3229 929 3311 populi
943 3229 1075 3294 Romani
1095 3230 1250 3312 deposuit,
1273 3230 1371 3294 Paulo
1386 3231 1418 3293 et
1432 3227 1541 3293 Crasso

413 3331 587 3396 consulibus
603 3368 644 3376 —
659 3330 907 3414 Hierosolymam
921 3331 1009 3397 adiit.
1026 3351 1095 3397 cum
1106 3333 1331 3397 discordantem
1347 3331 1576 3413 superstitio-²⁵

412 3434 503 3499 nibus
525 3433 674 3514 susceptis
696 3434 843 3515 populum
865 3435 1063 3516 repperisset,
1083 3436 1185 3518 legem
1198 3435 1257 3499 Dei
1272 3436 1430 3499 destruens
1445 3435 1477 3498 et
1490 3433 1541 3497 his

412 3537 534 3614 fauens,
550 3535 603 3617 qui
618 3535 716 3617 impia
731 3536 948 3617 sequebantur,
973 3537 1076 3603 omnia
1090 3539 1199 3619 templi
1215 3538 1393 3602 ornamenta
1407 3536 1542 3600 detraxit

514 3739 553 3798 25
571 3738 600 3791 Π
617 3739 699 3792 Mace.
719 3739 745 3796 5.

515 3909 641 3976 lauarie
653 3911 681 3963 et
692 3909 807 3963 donandi
820 3909 861 3977 P,
880 3926 926 3964 cm.
939 3911 1000 3964 inb
1051 3910 1224 3966 lomene:
1247 3927 1334 3965 ornam
1347 3911 1374 3964 P
1435 3910 1542 3969 5excu-

411 3995 469 4047 tere
487 3994 640 4049 Gtcelc‘coc:
659 3995 765 4063 exquire
787 3996 825 4059 P,
849 3996 986 4063 exquirere
1007 3996 1023 4049 b
1046 3996 1211 4065 (extinguere
1232 3997 1375 4066 Sigonius,
1403 3996 1542 4050 extrudere

420 4079 552 4143 Clericus,
571 4080 688 4149 excipere
704 4081 805 4149 Vooch)
858 4080 875 4136 9
893 4082 1052 4149 permissum
1064 4081 1188 4150 cuiquam
1199 4085 1258 4136 erat
1277 4083 1293 4136 b
1316 4084 1329 4150 ΙΙ
1351 4099 1403 4135 non
1414 4084 1542 4150 perpetuo

413 4165 469 4234 (eccl
488 4183 540 4219 non
559 4166 693 4235 perfungi)
715 4165 845 4235 Sipooc'oe
862 4172 888 4220 ct
903 4167 1040 4234 Dromos,
1058 4168 1202 4236 culpatam
1212 4169 1252 4222 sic
1263 4169 1382 4235 explicat
1394 4168 1428 4220 dc
1439 4168 1542 4221 Proto:

411 4251 610 4315 ‘sacerdotium
624 4251 692 4320 quod
704 4254 861 4320 perpetuum
872 4254 943 4316 erat,
956 4252 1091 4320 usurpare’
1146 4253 1184 4310 10
1195 4253 1314 4307 sollitius
1326 4255 1365 4317 P,
1378 4253 1542 4306 sollicitatus

410 4338 528 4392 molebat
549 4337 583 4391 dc
604 4339 705 4404 Proto,
723 4336 771 4389 eccl
783 4336 874 4390 codem
885 4353 968 4390 censu
980 4338 1113 4392 sollicitus
1125 4339 1229 4392 dicim
1240 4354 1295 4392 esse
1306 4344 1437 4406 apparet,
1455 4339 1490 4405 cf.
1504 4338 1543 4391 ad

411 4424 538 4492 11351,5
591 4423 626 4478 11
640 4422 789 4490 depulsaP
804 4423 816 4490 ΙΙ
834 4422 1070 4477 estmandatumb
1124 4424 1162 4480 13
1174 4423 1291 4492 symonis
1305 4425 1332 4477 P
1345 4424 1357 4491 11
1373 4423 1543 4492 promissaP

464 4509 501 4568 15
518 4509 654 4562 menelaus
675 4509 715 4561 P:
742 4508 878 4561 Menelaus
895 4523 998 4577 quoque
1019 4510 1035 4563 b
1058 4511 1070 4577 11
1093 4508 1212 4563 obtinuit
1229 4508 1360 4578 Sigonius
1382 4510 1394 4576 ΙΙ
1417 4523 1500 4577 quum
1517 4508 1542 4561 is

410 4594 605 4664 promissumb
668 4593 704 4648 17
722 4592 798 4646 foeda
819 4595 858 4647 P:
882 4593 959 4647 foeda
979 4593 1090 4648 fueret
1165 4593 1202 4649 18
1220 4593 1294 4658 init',
1321 4595 1338 4647 i.
1361 4593 1489 4647 c.'initus
1514 4594 1542 4648 P

462 4679 500 4736 22
518 4679 676 4734 nantiochus
689 4679 717 4733 P
766 4679 804 4735 27
823 4679 945 4733 irenaeus
957 4680 986 4733 P
1007 4682 1019 4748 ΙΙ
1040 4680 1142 4750 templo
1158 4679 1283 4733 Vomitus
