3834 5634
437 741 499 806 148
854 740 1002 810 Sulpicii
1020 738 1136 794 Seueri

434 895 480 960 ita
493 913 584 980 grege
598 893 678 960 facto
693 913 797 961 omnes
811 896 844 961 in
858 916 955 961 unum
969 896 1042 960 illae
1056 893 1195 958 uolucres
1210 887 1423 972 congregatae,
1449 881 1556 946 relicto

435 997 575 1076 flumine,
597 999 715 1063 montes
730 999 883 1081 siluasque
897 998 1065 1081 petienmt‚
1087 1013 1147 1061 non
1167 994 1232 1058 sine
1251 987 1452 1056 admiratione
1471 985 1555 1049 mul·

434 1100 552 1180 torum,
574 1101 627 1181 qui
641 1102 759 1166 tantam
779 1102 811 1165 in
831 1101 964 1167 Martino
979 1101 1128 1166 uirtutem
1147 1097 1303 1172 uiderent,
1326 1092 1363 1156 ut
1377 1091 1471 1156 etiarn
1485 1087 1553 1152 aui-

407 1201 492 1267 9bus
522 1203 693 1285 imperaret.
716 1204 894 1286 aliquandiu
918 1222 990 1288 ergo
1010 1204 1043 1268 in
1062 1202 1130 1267 uico
1155 1200 1210 1263 illo
1231 1197 1283 1262 uel
1303 1196 1336 1260 in
1350 1192 1491 1270 ecclesia,
1514 1191 1553 1255 ad

434 1323 527 1387 quam
541 1304 632 1385 ierat,
653 1306 871 1386 commoratus,
894 1325 967 1388 pace
992 1306 1072 1371 inter
1092 1303 1214 1368 clericos
1241 1298 1385 1365 restituta
1406 1314 1477 1360 oum
1491 1293 1555 1358 iam
1578 1319 1590 1359 a

433 1407 552 1492 regredi
566 1408 605 1472 ad
619 1409 839 1474 monasterium
854 1409 1016 1493 cogitaret,
1037 1407 1156 1472 uiribus
1171 1402 1302 1486 corporis
1317 1399 1416 1481 coepit
1430 1396 1553 1479 repente

386 1509 425 1566 10
435 1510 577 1591 destitui,
593 1512 821 1594 conuocatisque
835 1511 983 1577 fratribus
997 1511 1113 1576 indicat
1126 1527 1158 1573 se
1178 1508 1241 1572 iam
1255 1502 1376 1570 resolui.
1399 1503 1473 1564 tunc
1485 1516 1558 1564 uero

435 1630 552 1678 maeror
576 1615 607 1678 et
631 1614 733 1680 luctus
758 1616 898 1680 omniurn
923 1616 955 1680 et
982 1632 1042 1679 uox
1073 1631 1133 1678 una
1157 1607 1383 1693 plangentium:
1412 1623 1466 1669 our
1490 1619 1555 1679 nos,

434 1716 535 1798 pater,
557 1716 691 1781 deseris?
712 1719 767 1782 aut
781 1718 831 1782 cui
845 1736 900 1783 nos
915 1717 1065 1782 desolatos
1079 1713 1247 1796 relinquis?
1269 1709 1415 1775 inuadant
1429 1723 1556 1791 gregem

434 1818 525 1882 tuum
549 1818 616 1900 lupi
642 1837 779 1901 rapaces:
803 1820 871 1902 quis
884 1838 939 1885 nos
959 1839 978 1884 a
997 1819 1149 1884 morsibus
1164 1834 1269 1882 eorum
1283 1828 1422 1895 percusso
1436 1809 1592 1891 pastorem

435 1919 629 2002 prohibebit?
650 1921 763 1986 scimus
789 1922 914 2004 quidem
940 1922 1109 1986 desiderare
1133 1920 1165 1984 te
1191 1917 1363 1993 Christum,
1391 1913 1445 1977 sed
1470 1911 1557 1976 salua

434 2021 494 2086 tibi
509 2024 579 2088 sunt
593 2024 647 2088 tua
660 2024 796 2105 praemia
808 2043 864 2089 nec
878 2025 976 2089 dilata
989 2024 1181 2088 minuentur:
1209 2019 1306 2086 nostri
1330 2017 1432 2100 potius
1457 2014 1552 2079 mise·

387 2132 515 2203 urere,
538 2143 612 2206 quos
632 2126 752 2191 deseris.
776 2130 850 2193 tuno
869 2127 923 2192 ille
942 2128 1046 2191 motus
1067 2126 1116 2190 his
1136 2124 1273 2201 fletibus,
1289 2123 1325 2186 ut
1338 2121 1422 2184 totus
1437 2135 1556 2198 semper

435 2226 469 2291 in
492 2227 623 2292 Domino
648 2228 870 2294 misericordiae
895 2229 1063 2294 uisceribus
1087 2227 1234 2305 alluebat,
1255 2224 1430 2289 lacrimasse
1449 2219 1552 2304 perhi-

436 2328 540 2394 betur:
562 2348 781 2413 conuersusque
795 2333 835 2396 ad
848 2333 1017 2397 Dominum
1029 2332 1087 2395 hac
1105 2331 1228 2395 tantum
1247 2326 1390 2393 flentibus
1410 2341 1484 2388 uoce
1503 2341 1552 2387 re·
1562 2340 1587 2381 rs

437 2432 573 2515 spondit:
594 2433 740 2512 Domine,
766 2435 793 2498 si
813 2435 912 2499 adhuc
924 2434 1035 2517 populo
1056 2435 1109 2498 tuo
1124 2451 1194 2497 sum
1207 2429 1408 2506 necessarius,
1430 2443 1491 2492 non
1504 2443 1553 2489 re·

387 2535 427 2591 12
437 2553 507 2599 cuso
522 2535 671 2601 laborem:
693 2537 748 2601 fiat
767 2537 908 2602 uoluntas
927 2538 991 2601 tua.
1013 2535 1163 2601 nimirum
1176 2535 1257 2599 inter
1271 2550 1356 2614 spem
1370 2546 1554 2594 maerorem-

436 2656 494 2720 que
503 2638 620 2719 positus
632 2639 786 2705 dubitauit
799 2658 892 2721 paene
907 2639 982 2721 quid
992 2639 1108 2716 mallet,
1124 2636 1196 2719 quia
1209 2654 1264 2700 nec
1277 2635 1333 2698 hos
1348 2634 1482 2698 deserere
1496 2648 1552 2695 nec

436 2758 455 2804 a
469 2738 589 2804 Christo
603 2741 725 2806 uolebat
739 2742 856 2806 diutius
871 2741 1011 2824 separari.
1033 2740 1113 2805 nihil
1122 2741 1226 2804 tamen
1239 2738 1272 2803 in
1286 2738 1358 2801 uoto
1372 2753 1426 2800 suo
1441 2751 1553 2817 ponens

437 2843 491 2906 aut
515 2842 668 2907 uoluntati
693 2843 879 2926 relinquens,
902 2845 1005 2909 totum
1023 2862 1056 2908 se
1069 2842 1195 2907 Domini
1209 2840 1335 2906 arbitrio
1350 2836 1553 2921 potestatique
1563 2851 1590 2893 ro

389 2943 427 2999 13
438 2944 645 3023 committens,
667 2944 711 3009 sio
725 2946 824 3011 orauit
838 2947 956 3012 dicens:
980 2947 1083 3031 grauis
1107 2945 1231 3028 quidem
1246 2944 1306 3020 est,
1328 2940 1469 3017 Domine,
1487 2957 1554 3003 cor-

437 3063 526 3127 porea
539 3064 641 3130 pugna
654 3047 785 3114 militiae
799 3050 830 3113 et
844 3048 908 3113 iarn
922 3048 997 3113 satis
1011 3049 1072 3126 est,
1088 3049 1169 3131 quod
1181 3047 1336 3128 hucusque
1351 3043 1481 3109 cemani:
1497 3043 1550 3107 scd

437 3148 465 3213 si
479 3149 577 3213 adhuc
590 3148 623 3213 in
636 3150 741 3214 eodem
755 3151 857 3216 labore
871 3169 924 3233 pro
940 3151 1047 3216 castris
1067 3150 1130 3214 tuis
1150 3151 1230 3214 stare
1244 3166 1294 3213 me
1307 3147 1471 3230 praecipis,
1492 3163 1554 3210 non

437 3269 540 3316 recuso
560 3271 616 3317 nec
634 3251 827 3318 fatiscentem
841 3254 985 3318 causabor
996 3254 1147 3318 ‘aetatem
1170 3251 1276 3316 munia
1289 3251 1343 3314 tua
1358 3250 1486 3315 deuotus
1500 3247 1549 3312 in·

437 3353 540 3437 pleno,
574 3355 630 3419 sub
655 3354 751 3440 signis
775 3355 854 3435 tuin,
886 3357 1080 3439 quoadusque
1100 3355 1165 3437 ipse
1184 3354 1221 3418 tu
1240 3352 1379 3431 iusseris,
1401 3350 1591 3415 notrannus

437 3457 468 3521 et
482 3457 623 3539 quamuis
637 3459 741 3540 optata
755 3458 797 3524 sit
810 3458 874 3524 seni
888 3458 1027 3524 remissio
1041 3459 1111 3540 post
1124 3457 1274 3534 laborem,
1297 3456 1343 3519 est
1362 3455 1466 3518 tamen
1485 3453 1553 3518 ani·

438 3577 507 3624 rnus
531 3558 631 3626 uictor
655 3579 800 3626 annorum
825 3561 857 3626 et
882 3562 986 3627 cedere
1015 3560 1134 3625 nescius
1164 3557 1321 3624 senectuti.
1349 3556 1457 3639 quodsi
1489 3556 1554 3620 iam

438 3836 442 3855 ²
490 3832 683 3889 3uiderintV
741 3833 885 3889 Vdistitui
901 3835 959 3890 FV
976 3837 988 3903 ΙΙ
1007 3835 1136 3889 fratribus
1151 3835 1187 3889 V:
1205 3831 1343 3902 discipulis
1354 3832 1427 3886 AVo
1453 3831 1466 3898 11
1496 3830 1557 3882 turn

438 3918 509 3973 AFo
525 3919 537 3986 ΙΙ
553 3933 615 3973 nero
626 3919 714 3972 luctus
725 3919 779 3989 (luc
790 3921 822 3974 ia
834 3921 900 3989 ros.)
912 3937 934 3974 0.
953 3921 979 3975 V
1011 3920 1125 3977 Setuci
1138 3920 1173 3974 V:
1182 3935 1232 3974 uox
1240 3919 1312 3972 AFo
1354 3917 1372 3974 9
1385 3915 1519 3984 relinques
1531 3915 1559 3969 V

491 4003 605 4072 loquis
624 4019 672 4058 nos
693 4020 709 4057 a
729 4006 859 4059 morsibus
880 4022 971 4059 eorum
997 4007 1032 4060 V:
1059 4008 1087 4059 ct
1103 4005 1163 4074 quis
1174 4021 1217 4058 eos
1235 4021 1251 4058 a
1270 4003 1401 4057 morsibus
1413 4000 1560 4072 (mortibus.

439 4090 530 4160 Ano)
540 4089 639 4144 nostris
651 4091 747 4160 Aroe
799 4092 836 4147 12
853 4091 893 4144 ibi
904 4092 945 4159 F,
962 4091 1010 4145 sed
1021 4092 1134 4145 aidano
1145 4092 1195 4145 litt.
1209 4097 1274 4145 acte
1285 4090 1296 4143 i
1307 4105 1387 4144 eraso
1405 4089 1418 4155 11
1437 4087 1557 4140 minuen-

437 4178 483 4229 tur
493 4176 560 4230 AF:
573 4176 694 4230 inuentor
710 4177 736 4231 V
786 4177 822 4233 17
839 4192 1034 4246 maeroremque
1049 4178 1084 4231 V:
1097 4192 1263 4245 amoremque
1274 4176 1346 4229 AVo
1398 4172 1436 4230 18
1453 4187 1553 4241 poenae

439 4260 503 4331 quid
521 4261 611 4316 mallit
626 4262 654 4316 V
718 4263 755 4318 21
773 4262 907 4316 commisit
918 4263 1023 4317 Larius
1034 4268 1060 4316 et
1071 4263 1106 4316 M
1126 4264 1139 4330 ll
1161 4262 1200 4316 sic
1210 4253 1298 4316 orauit
1309 4261 1398 4314 dicens
1413 4259 1449 4313 V:
1466 4273 1552 4311 nonne

437 4347 490 4401 tibi
500 4347 544 4401 his
554 4346 722 4417 paucissimis
733 4348 822 4402 uerbis
832 4348 918 4402 dicere
929 4348 1036 4403 uidetur
1047 4348 1104 4402 rell.
1118 4347 1193 4402 codd.
1206 4348 1266 4402 acti
1277 4352 1303 4400 et
1314 4345 1373 4400 edd.
1395 4345 1407 4412 ΙΙ
1426 4358 1550 4412 corporea

442 4433 477 4488 V:
489 4448 625 4502 corporeae
636 4434 708 4487 AVo
757 4433 795 4490 22
813 4436 900 4488 ctom.
918 4434 977 4504 Vfl
994 4433 1032 4491 23
1049 4434 1104 4487 tuis
1119 4434 1156 4488 V:
1173 4434 1278 4487 tuorum
1290 4432 1361 4486 AFo
1411 4429 1451 4486 24
1461 4443 1553 4482 recuso

437 4517 553 4572 laborem
564 4520 592 4572 A
614 4520 627 4587 ΙΙ
649 4534 754 4573 causam
764 4519 855 4572 laboro
867 4520 955 4573 aetate
972 4520 998 4574 V
1060 4519 1098 4578 25
1115 4503 1284 4587 quoadusquo
1298 4519 1335 4573 V:
1354 4515 1506 4586 quodneque
1519 4514 1554 4578 B,

440 4603 525 4671 quoad
536 4603 628 4674 AFQ,
647 4603 742 4673 qnodo
802 4604 839 4661 26
857 4605 977 4660 remissio
989 4605 1055 4662 BV:
1072 4605 1164 4659 missio
1175 4604 1246 4659 AVo
1306 4602 1343 4659 27
1362 4600 1455 4670 quodsi
1470 4601 1507 4655 V:
1525 4600 1556 4652 at

442 4687 465 4741 si
477 4689 516 4743 ed.
528 4689 606 4755 Ara,
626 4705 656 4744 ao
669 4690 692 4743 si
704 4690 775 4745 AFo
