3834 5634
418 739 479 805 194
835 737 983 808 Sulpicii
1005 735 1121 792 Seueri

368 897 406 962 12
458 894 542 959 Illud
556 913 643 973 uero,
666 893 801 977 Sulpici,
829 893 1008 960 meminisse
1034 896 1067 958 te
1092 892 1196 970 credo,
1219 909 1278 974 quo
1304 889 1416 955 affectu
1441 886 1540 966 nobis,

415 1017 487 1063 eum
502 1000 534 1064 et
548 1000 584 1063 tu
599 1017 703 1064 coram
723 999 861 1077 adesses,
883 997 973 1063 illam
994 996 1148 1080 uirginem
1167 993 1369 1078 praedicarit,
1391 1009 1469 1074 quae
1494 990 1542 1054 ita

415 1120 448 1167 se
467 1101 591 1184 penitus
614 1100 653 1166 ab
675 1102 815 1166 omnium
828 1101 968 1166 uirorum
982 1099 1079 1165 oculis
1093 1096 1290 1175 remouisset,
1313 1098 1349 1161 ut
1373 1113 1412 1159 ne
1437 1095 1541 1176 ipsum

415 1203 540 1286 quidem
566 1204 606 1269 ad
630 1223 663 1269 se
689 1204 875 1283 Martinam,
908 1222 980 1269 cum
1005 1221 1073 1268 eam
1098 1201 1152 1265 ille
1178 1199 1273 1264 officii
1298 1217 1389 1264 causa
1412 1197 1541 1262 uisitare

387 1305 526 1385 duellet,
549 1307 719 1372 admiserit.
743 1323 817 1372 uam
843 1324 914 1372 cum
939 1307 1062 1389 praeter
1086 1303 1223 1388 agellum
1242 1302 1328 1367 illius
1348 1300 1541 1385 praeteriret,
1563 1314 1575 1354 ε

414 1410 448 1474 in
468 1428 528 1493 quc
556 1429 588 1474 se
614 1411 685 1474 ante
711 1409 872 1493 conplures
886 1427 981 1475 annos
995 1407 1108 1492 pudica
1134 1405 1327 1483 cohibuerat,
1360 1403 1468 1470 audita
1482 1401 1542 1467 fide

414 1511 501 1577 illius
516 1512 615 1594 adque
636 1512 755 1578 uirtute
777 1512 928 1590 deuertit,
951 1513 988 1576 ut
1013 1513 1082 1576 tam
1108 1509 1250 1575 inlustris
1275 1507 1381 1573 meriti
1405 1505 1543 1590 puellam

386 1615 557 1699 ereligicso
575 1614 675 1680 officio
691 1616 850 1699 episcopus
866 1615 1037 1680 honoraret.
1061 1633 1116 1679 nos
1131 1613 1348 1693 consequentes
1363 1610 1543 1694 gauisuram

414 1717 504 1782 illam
519 1718 676 1802 uirginem
689 1718 895 1801 putabamus,
919 1718 1073 1799 siquidem
1098 1716 1155 1781 hoc
1180 1716 1213 1781 in
1238 1715 1453 1781 testimonium
1477 1713 1543 1777 uir-

414 1820 494 1884 tutis
509 1839 583 1885 suae
599 1822 680 1885 esset
694 1819 859 1899 habitura,
882 1820 922 1885 ad
938 1839 1033 1902 quam
1052 1819 1134 1884 tanti
1148 1819 1281 1884 nominis
1296 1816 1435 1883 sacerdos
1450 1816 1578 1899 depo-¹⁰

385 1922 475 1995 usito
490 1922 640 2005 propositi
655 1923 755 2006 rigore
770 1924 914 1988 uenisset.
938 1941 1049 1988 uerum
1067 1921 1124 1985 illa
1144 1920 1308 1988 fortissimi
1327 1919 1452 1984 uincula
1472 1936 1544 2002 pro·

414 2024 509 2107 positi
529 2043 568 2088 ne
589 2024 717 2088 Martini
738 2025 862 2107 quidem
885 2023 1142 2108 contemplatione
1161 2024 1288 2089 laxauit.
1311 2024 1357 2087 ita
1371 2023 1421 2087 uir
1435 2023 1545 2089 beatu

415 2128 542 2209 accepta
567 2147 623 2210 per
648 2127 745 2193 aliam
770 2127 918 2193 feminam
941 2127 1134 2192 excusatione
1149 2126 1300 2191 laudabili
1315 2126 1354 2191 ab
1367 2125 1454 2190 illius
1469 2124 1544 2189 iori-

415 2229 487 2307 bus,
511 2248 590 2311 quae
605 2249 637 2295 se
652 2230 817 2295 uidendam
832 2231 1089 2311 salutandamque
1100 2236 1170 2308 {non
1184 2230 1323 2308 dederat,
1346 2230 1447 2294 laetus
1473 2229 1545 2293 abs-

387 2332 517 2399 acessit.
542 2350 559 2395 o
581 2333 736 2416 uirginem
756 2334 940 2417 gloriosam,
971 2351 1048 2414 quae
1073 2351 1112 2397 ne
1132 2332 1300 2398 allartino
1315 2333 1441 2414 quidem
1454 2351 1546 2416 passa
1554 2348 1578 2388 1⁵

415 2435 463 2499 est
489 2454 520 2500 se
548 2435 664 2500 uideri!
690 2437 894 2501 oMartinum
908 2436 1050 2514 beatum,
1074 2436 1128 2518 qui
1150 2435 1240 2500 illam
1261 2435 1417 2518 repulsam
1430 2456 1491 2500 non
1505 2436 1545 2500 ad

414 2538 638 2603 contumeliam
655 2557 744 2603 suam
759 2539 860 2617 duxit,
877 2539 930 2603 sed
945 2536 1147 2622 magnificans
1162 2537 1251 2603 illius
1266 2557 1338 2602 cum
1352 2537 1542 2603 exultatione

414 2639 567 2704 uirtutem
582 2641 733 2706 inusitato
759 2642 792 2706 in
817 2642 878 2705 hisl
892 2642 1056 2706 dumtaxat
1081 2640 1257 2724 regionibus
1275 2641 1430 2724 gaudebat
1442 2660 1545 2706 exem·

388 2741 480 2823 eplo!
504 2760 576 2826 crgo
597 2761 669 2807 oum
690 2743 768 2808 haut
782 2744 872 2828 longe
887 2744 926 2808 ab
941 2744 998 2808 illa
1012 2743 1124 2808 uillula
1143 2762 1198 2808 nos
1217 2762 1341 2808 manere
1365 2763 1425 2808 nox
1449 2744 1544 2807 inmi-

414 2863 489 2908 nens
516 2845 682 2928 ccegisset,
706 2847 830 2910 xenium
852 2846 942 2910 beato
966 2847 1033 2911 uiro
1060 2846 1167 2911 eadem
1181 2846 1236 2911 illa
1250 2846 1339 2930 uirgo
1353 2846 1578 2912 transmisitru

416 2943 550 3026 fecitque
575 2947 744 3025 Martinus,
768 2948 849 3028 quod
875 2948 945 3012 ante
970 2967 1030 3012 non
1056 2947 1227 3014 fecerat-
1241 2949 1357 3014 nullius
1383 2949 1466 3014 enim
1491 2949 1545 3014 ille

416 3066 565 3130 umquam
580 3049 718 3128 xenium,
742 3050 858 3115 nullius
873 3070 986 3115 munus
1008 3051 1126 3134 accepit
1142 3074 1199 3115 -:
1222 3051 1302 3116 nihil
1323 3071 1359 3116 er
1379 3052 1444 3131 his,
1468 3071 1546 3136 quae

416 3152 506 3235 uirgo
521 3153 705 3218 uenerabilis
720 3153 862 3230 miserat,
886 3152 1051 3231 refutauit,
1078 3150 1182 3219 dicens
1203 3154 1446 3220 benedictionem
1460 3155 1546 3220 illius

417 3256 607 3320 asaeerdote
624 3256 752 3321 minime
766 3257 985 3340 respuendam,
1008 3275 1086 3338 quae
1101 3258 1183 3321 esset
1205 3256 1315 3322 multis
1337 3257 1547 3324 sacerdotibus

390 3357 621 3441 upraeferenda.
655 3359 805 3438 audiant,
839 3359 970 3440 quaeso',
1004 3358 1142 3442 uirgines
1175 3360 1261 3425 istud
1287 3361 1476 3442 exemplum,
1510 3361 1547 3425 ut
1555 3371 1580 3416 ¹⁵

417 3459 497 3525 fores
512 3481 598 3539 suas,
622 3462 649 3527 si
676 3481 727 3527 eas
751 3463 842 3527 malis
864 3462 1012 3527 obsistere
1027 3462 1152 3540 uolunt,
1179 3461 1275 3527 etiam
1288 3462 1376 3527 bonis
1391 3463 1549 3560 claudant,

418 3564 463 3639 et,
487 3582 525 3627 nc
540 3564 580 3628 ad
595 3581 627 3629 se
643 3564 780 3647 inprobis
795 3565 837 3629 sit
851 3564 929 3628 liber
944 3583 1099 3643 accessus,
1122 3582 1182 3629 non
1201 3566 1366 3629 uereantur
1389 3565 1547 3631 excludere

390 3665 513 3729 tetiam
528 3669 710 3732 sacerdotes.
727 3669 813 3732 totus
827 3667 884 3732 hoc
898 3668 1032 3733 mundus
1046 3665 1203 3752 exaudiatf:
1220 3667 1318 3731 uideri
1333 3685 1366 3733 se
1381 3687 1399 3732 a
1412 3668 1547 3736 Martino

473 3919 488 3976 1
507 3920 571 3974 illut
587 3922 621 3986 V,
634 3921 686 3974 illu
698 3921 725 3974 A
745 3923 756 3988 ΙΙ
777 3922 884 3991 sulpicii
899 3923 926 3976 V
979 3923 997 3978 2
1017 3922 1178 3991 praedicarit
1189 3923 1289 3978 BMV:
1301 3924 1467 3993 praedicaret
1476 3925 1548 3982 Auo

430 4007 443 4074 ll
464 4005 564 4060 itaom.
579 4007 609 4060 F
669 4007 1077 4076 5praeterc'aFercsumcet,
1097 4024 1144 4076 per
1158 4009 1194 4062 M
1242 4009 1398 4076 GentelV:
1417 4011 1547 4066 iamante

420 4091 492 4145 Aue
514 4092 527 4159 ll
549 4092 703 4146 cohibuerat
718 4094 753 4148 V:
772 4093 914 4147 cohibebat
929 4094 1002 4148 Aba
1066 4094 1084 4149 7
1105 4093 1223 4147 deuertit
1239 4095 1348 4150 AF²V1
1366 4096 1479 4149 diuertit
1490 4098 1548 4152 F'c

471 4177 489 4233 9
508 4177 537 4230 in
557 4194 604 4232 om.
627 4179 658 4232 F
674 4180 706 4233 ιιι
727 4195 829 4233 rasura
884 4178 921 4235 10
938 4182 1008 4232 esset
1021 4179 1148 4233 habitura
1161 4180 1261 4233 AMV:
1280 4182 1546 4250 esse(ma.F1.m.)

419 4263 574 4317 habituram
584 4264 629 4318 Fe
684 4266 719 4320 11
738 4265 872 4334 proposito
884 4266 912 4318 B
934 4266 946 4332 ΙΙ
969 4265 1118 4319 fortissima
1130 4265 1191 4334 Bit!
1214 4265 1306 4319 uincta
1317 4267 1348 4320 F
1406 4267 1443 4323 12
1461 4283 1508 4321 nec
1519 4269 1550 4322 F

374 4390 378 4399 .
420 4349 480 4418 (sed
492 4367 518 4403 a.
533 4351 567 4403 15
578 4349 650 4403 idem
661 4352 706 4416 ue)
761 4350 797 4406 14
815 4349 957 4404 uidendam
969 4367 996 4404 se
1008 4351 1081 4405 Aue
1135 4350 1170 4406 16
1188 4365 1265 4404 occe.
1283 4352 1310 4406 V
1330 4353 1341 4419 ΙΙ
1364 4352 1442 4405 illum
1454 4353 1542 4422 repul·

420 4435 598 4489 suchocc.
655 4435 692 4492 18
710 4435 913 4488 inusitatum-
926 4436 1074 4505 exemplum
1084 4435 1139 4505 Fe
1193 4435 1229 4491 19
1248 4439 1296 4489 aut
1312 4438 1339 4491 V
1391 4437 1546 4494 20senium

424 4521 462 4588 V,
483 4522 547 4574 ocem
563 4522 650 4588 pacto
666 4527 730 4588 pest
781 4520 818 4575 21
837 4523 899 4573 ante
911 4521 977 4575 FV:
997 4525 1075 4575 antea
1091 4522 1135 4575 Ao
1186 4521 1224 4576 22
1245 4522 1315 4575 nihil
1335 4523 1456 4593 AFQV:
1474 4524 1545 4578 nihil

421 4621 483 4659 uero
504 4622 520 4659 o
589 4605 626 4662 26
645 4605 724 4658 malis
744 4604 872 4660 obsistere
893 4606 988 4659 uolunt
1008 4608 1075 4661 BV:
1093 4607 1159 4661 mali
1178 4606 1298 4660 obsidere
1319 4609 1453 4685 noluerint
1473 4611 1545 4666 Aue

474 4690 512 4746 27
530 4693 700 4745 reuercantur
712 4690 742 4743 F
751 4706 819 4745 corr.
874 4689 911 4747 28
929 4691 1053 4745 exaudiat
1065 4691 1185 4762 AFQV:
1203 4691 1296 4746 audiat
1313 4711 1330 4750 o
