3834 5634
423 717 484 782 126
838 710 985 791 Sulpicii
1003 719 1118 776 Seueri

422 871 515 936 deret.
538 875 672 954 perstare
692 875 903 941 uehementius
917 877 993 942 flens
1008 878 1094 958 pater
1108 877 1140 940 et
1153 892 1238 939 orare
1252 873 1289 936 11
1303 869 1474 935 exanimem
1494 864 1544 929 ui-

394 974 543 1040 6sitaret:
571 977 723 1058 postremo
744 998 762 1042 a
782 979 1051 1046 circumstantibus
1071 978 1219 1060 episcopis
1245 977 1289 1040 ire
1309 972 1471 1055 conpulsus
1491 968 1545 1032 de-

424 1078 541 1143 scendit
560 1079 599 1143 ad
614 1080 740 1145 domum
760 1083 887 1163 puellae.
916 1085 1025 1168 ingens
1045 1082 1137 1146 turba
1151 1098 1205 1163 pro
1220 1078 1338 1143 foribus
1358 1072 1545 1156 expectabat,

396 1181 568 1262 tquidnam
584 1183 642 1248 Dei
657 1202 761 1249 seruus
781 1188 861 1250 esset
885 1185 1031 1251 facturus.
1054 1203 1090 1250 ac
1109 1184 1246 1267 primum
1266 1199 1342 1264 quae
1361 1178 1447 1243 erant
1460 1175 1547 1240 illius

423 1282 589 1350 familiaria
603 1286 635 1351 in
650 1287 741 1351 istius
755 1289 840 1353 modi
851 1290 941 1354 rebus
952 1309 1047 1366 arma,
1060 1288 1123 1352 solo
1135 1286 1304 1369 prostratus
1316 1283 1425 1348 orauit.
1438 1279 1548 1345 deinde
1569 1294 1581 1333 ⁵

423 1405 546 1471 aegram
560 1389 682 1455 intuens
697 1391 763 1455 dari
778 1391 838 1456 sibi
853 1393 955 1457 oleum
969 1392 1120 1475 postulat:
1144 1389 1225 1472 quod
1244 1407 1314 1453 cum
1334 1383 1547 1461 benedixisset,

423 1491 456 1554 in
471 1508 504 1555 os
518 1492 637 1572 puellae
652 1493 716 1558 uim
732 1496 830 1559 sancti
844 1496 974 1578 liquoris
993 1494 1144 1571 infundit,
1168 1493 1334 1573 statimque
1354 1507 1414 1552 uox
1428 1486 1549 1552 reddita

395 1594 478 1662 sest.
504 1595 579 1659 tuno
599 1597 749 1677 paulatim
765 1599 887 1682 singula
901 1600 1042 1663 contactu
1057 1598 1122 1661 eius
1137 1595 1298 1678 coeperunt
1312 1592 1450 1657 membra
1461 1590 1548 1654 uiue-

425 1715 520 1776 scere,
543 1699 637 1763 donec
649 1699 781 1764 firmatis
796 1702 950 1784 gressibus
966 1701 1077 1783 populo
1091 1701 1170 1764 teste
1185 1698 1323 1763 surrexit.

376 1810 413 1873 17
466 1801 582 1864 Eodem
603 1803 737 1884 tempore
759 1804 914 1869 Taetradii
941 1805 1101 1868 cuiusdam
1120 1801 1342 1885 proconsularis
1362 1799 1423 1863 uiri
1443 1814 1550 1862 seruus
1558 1809 1585 1849 1⁰

425 1904 582 1968 daemonio
598 1906 752 1987 correptus
767 1907 894 1971 dolendo
910 1907 994 1971 exitu
1015 1906 1215 1971 cruciabatur.
1239 1906 1364 1988 rogatus
1379 1918 1450 1985 ergo
1464 1900 1550 1964 Mar-

425 2006 525 2083 tinus,
548 2007 584 2070 ut
598 2007 626 2070 ei
641 2027 767 2072 manum
783 2010 952 2090 inponeret,
975 2010 1083 2073 deduci
1104 2028 1175 2072 cum
1195 2008 1234 2072 ad
1255 2026 1286 2070 se
1307 2007 1405 2070 iubet:
1429 2003 1482 2067 sed
1496 2021 1551 2067 ne·

426 2129 519 2190 quam
534 2110 660 2191 spiritus
675 2111 759 2175 nullo
774 2112 902 2193 proferri
916 2113 1007 2177 modo
1022 2112 1060 2176 de
1075 2111 1199 2187 cellula,
1215 2111 1248 2174 in
1263 2109 1416 2192 quaerat,
1432 2105 1549 2187 potuit:

398 2212 472 2276 1111
496 2213 529 2277 in
554 2214 749 2279 aduenientes
769 2216 884 2280 rabidis
912 2215 1055 2280 dentibus
1089 2214 1252 2278 saeuicbat.
1276 2214 1345 2276 tum
1370 2208 1551 2274 Taetradius

427 2315 466 2380 ad
480 2335 579 2400 genua
593 2317 675 2381 beati
690 2319 751 2381 uiri
766 2319 957 2396 aduoluitur,
980 2337 1068 2383 orans
1083 2318 1119 2380 ut
1134 2317 1172 2381 ad
1187 2317 1328 2392 domum,
1357 2314 1391 2377 in
1404 2331 1464 2394 qua
1478 2312 1585 2375 dae-1⁶

428 2420 583 2484 moniacus
597 2420 780 2500 habebatur,
804 2422 868 2503 ipse
883 2422 1084 2486 descenderet.
1105 2423 1174 2484 tum
1189 2437 1260 2483 uero
1275 2417 1427 2482 Martinus
1441 2431 1552 2498 negare

399 2533 416 2586 3
428 2541 460 2586 se
473 2523 592 2604 profani
607 2525 638 2588 et
652 2525 777 2607 gentilis
792 2525 918 2589 domum
932 2525 1016 2590 adire
1030 2542 1132 2606 posse:
1147 2542 1219 2588 nam
1232 2520 1411 2586 Taetradius
1426 2536 1460 2582 eo
1470 2519 1551 2581 tem-

427 2644 498 2707 pore
519 2627 618 2690 adhuc
637 2628 822 2710 gentilitatis
838 2646 935 2692 errore
955 2628 1126 2708 implicitus
1141 2625 1310 2690 tenebatur.
1333 2622 1460 2705 spondet
1480 2636 1552 2705 ergo

400 2732 475 2806 4se,
498 2729 525 2792 si
550 2730 587 2793 de
612 2748 703 2811 puero
729 2730 856 2794 daemon
881 2729 990 2793 fuisset
1016 2730 1152 2805 exactus,
1176 2727 1385 2792 Christianum
1405 2724 1477 2788 fore.
1507 2723 1553 2787 ita

428 2832 581 2896 Martinus
596 2832 728 2913 inposita
743 2852 836 2896 manu
855 2851 947 2913 puero
968 2832 1152 2896 inmundum
1173 2831 1211 2894 ab
1233 2848 1267 2893 eo
1287 2829 1432 2911 spiritum
1452 2826 1588 2890 eiecitro

429 2952 488 3016 quo
515 2935 581 2998 uiso
598 2935 777 2998 Taetradius
802 2935 971 2999 Dominum
997 2935 1101 2998 Iesum
1122 2934 1266 2998 credidit:
1289 2931 1455 3012 statimque
1470 2929 1552 2993 cate-

430 3036 596 3101 chumenus
616 3035 716 3101 factus
735 3056 790 3102 nec
809 3037 908 3101 multo
923 3040 993 3118 post
1007 3038 1180 3119 baptizatus
1195 3037 1256 3113 est,
1279 3051 1455 3117 semperque
1469 3032 1553 3096 Mar·

429 3139 532 3204 tinum
546 3140 655 3204 salutis
670 3159 742 3204 suae
756 3141 911 3204 auctorem
925 3140 1004 3204 miro
1020 3140 1115 3204 coluit
1129 3140 1249 3203 affectu.

401 3247 420 3302 5
473 3243 532 3306 Per
546 3243 629 3308 idem
643 3245 765 3325 tempus
779 3243 812 3307 in
826 3244 932 3307 eodem
946 3243 1057 3324 oppido
1072 3244 1226 3327 ingressus
1240 3241 1336 3323 patris
1351 3238 1486 3304 familias
1501 3257 1555 3303 ou-

431 3345 552 3410 iusdam
567 3347 708 3424 domum,
731 3347 764 3411 in
778 3347 885 3411 limine
899 3347 966 3428 ipso
982 3347 1098 3411 restitit
1117 3346 1235 3423 dicens,
1258 3343 1404 3408 horribile
1423 3343 1456 3406 in
1476 3341 1555 3405 atrio
1564 3360 1590 3402 r:

431 3449 540 3513 domus
555 3450 750 3514 daemonium
765 3468 796 3513 se
811 3450 923 3513 uidere.
947 3450 998 3513 cui
1017 3468 1088 3514 cum
1109 3450 1145 3513 ut
1159 3447 1327 3512 discederet
1347 3444 1510 3527 imperaret
1525 3445 1557 3508 et

485 3654 502 3709 3
515 3656 654 3722 expectans
664 3654 829 3708 AFVbcud
838 3655 893 3708 scio
902 3671 941 3707 11
950 3659 1036 3720 recte,
1047 3654 1141 3707 1111111
1150 3659 1256 3706 tamen:
1269 3651 1364 3719 ingens
1373 3651 1430 3702 stet
1441 3647 1537 3702 turba.
1548 3687 1555 3700 .

433 3743 572 3808 expectans
593 3741 661 3809 (erat
682 3743 771 3793 autem
792 3740 885 3810 ingens
906 3744 926 3794 t.
937 3742 1119 3806 *expectans
1141 3739 1185 3801 M,
1208 3737 1255 3790 ubi
1272 3737 1289 3789 i.
1307 3738 1328 3788 t.
1345 3752 1370 3803 p.
1384 3735 1401 3788 f.
1416 3736 1556 3803 expectans

433 3824 526 3879 aderat
545 3827 581 3894 Β)
632 3826 652 3881 4
676 3828 782 3879 acturus
803 3827 830 3879 A
882 3826 950 3884 511
974 3826 1064 3880 cm.V
1128 3821 1285 3879 linfrmdit
1309 3821 1345 3874 V:
1365 3819 1465 3873 infudit
1485 3818 1558 3873 AFo

485 3911 580 3968 81111
593 3912 742 3981 singulam
766 3913 793 3967 V
811 3929 868 3966 eoa
884 3929 965 3965 erasa
977 3917 1015 3965 cot
1038 3913 1050 3978 ΙΙ
1072 3910 1211 3978 coeperant
1222 3908 1249 3960 A
1272 3907 1284 3974 11
1306 3907 1440 3960 uiuescere
1451 3903 1557 3958 ABF¹2

434 3998 562 4052 miniscere
590 3999 616 4052 V
640 3998 703 4052 cdd.
734 4016 761 4052 re
790 4015 876 4052 11111
904 3999 1031 4066 arctatque,
1055 3993 1256 4049 reuiuiscereF
1276 4009 1360 4059 corn,
1387 3991 1555 4045 uiuiscereo

488 4083 525 4140 10
535 4084 684 4153 Eodemque
695 4084 729 4148 F,
742 4083 840 4139 Eodem
852 4099 972 4153 quoquae
983 4083 1011 4136 A
1033 4084 1046 4150 11
1067 4080 1195 4135 taetradii
1210 4081 1246 4134 V:
1267 4077 1379 4132 tetradii
1390 4077 1462 4130 AFc
1481 4082 1508 4130 ct
1518 4077 1559 4131 etc

435 4169 562 4238 deinceps
652 4171 688 4227 12
706 4187 799 4225 manus
819 4170 851 4224 F
869 4171 882 4238 ΙΙ
904 4185 937 4223 11
949 4174 1036 4239 quau·
1053 4168 1084 4221 F
1169 4165 1205 4222 13
1223 4165 1255 4218 de
1267 4166 1336 4233 (aon
1347 4165 1389 4233 ex)
1409 4163 1507 4217 cellula
1521 4162 1557 4216 V:

434 4255 779 4321 deeacelluladdercella
790 4256 863 4310 AFo
924 4255 961 4313 15
973 4253 1141 4307 daemonicus
1156 4252 1183 4305 V
1189 4268 1232 4320 pr.
1246 4268 1278 4304 m,
1345 4249 1382 4306 16
1394 4265 1456 4303 uero
1468 4264 1517 4302 cm.
1535 4248 1563 4302 V

489 4344 525 4400 17
539 4361 568 4398 eo
579 4345 697 4411 tempore
709 4342 781 4397 BM:
805 4341 895 4396 eodem
905 4343 1024 4409 tempore
1035 4339 1134 4394 AFVo
1187 4336 1224 4394 18
1237 4336 1343 4405 spondit
1354 4335 1421 4399 FV,
1443 4348 1554 4404 spopon-

436 4431 600 4486 dithorr.
622 4430 634 4498 ΙΙ
653 4429 766 4498 igituro
832 4426 1156 4493 20abeoom.Fpr.m.
1226 4422 1263 4478 21
1276 4421 1380 4475 domino
1397 4421 1445 4474 iliu
1460 4420 1496 4485 V,
1513 4419 1560 4473 do·

436 4519 539 4572 minum
557 4520 678 4572 nostrum
697 4514 723 4569 J.
744 4513 802 4567 AF
868 4512 906 4568 22
923 4509 1107 4565 multnmAF
1168 4506 1336 4565 24incoV
1389 4507 1428 4565 25
1445 4504 1560 4560 horribi-

437 4605 490 4659 lem
501 4604 639 4659 inatriiV
707 4600 745 4657 26
763 4598 931 4653 descenderet
946 4598 974 4651 V
993 4598 1005 4664 ΙΙ
1028 4598 1055 4650 11
1066 4592 1298 4665 patremfamilias
1320 4592 1356 4646 V:
1374 4590 1560 4661 cocnmpetris

438 4689 556 4744 familiae
568 4689 635 4754 BM,
649 4685 780 4757 quendem
792 4701 805 4738 c
817 4683 922 4738 familia
934 4682 1007 4737 AFo
