3834 5634
816 719 929 774 Chron.
947 721 970 786 Ι,
989 720 1109 780 53-54.
1479 723 1522 790 55

441 875 563 940 Interea
574 874 735 941 Sedechias
754 896 806 941 rex
829 877 936 942 turbae
951 877 1088 955 inutilis,
1115 897 1300 961 quamquam
1315 878 1379 943 sine
1394 877 1522 957 uiribus,
1532 874 1572 937 ⁵4

400 978 492 1043 infido
507 978 629 1063 ingenio
645 980 676 1044 61
690 979 749 1043 Ι)61
764 979 935 1057 immemor,
963 981 1015 1062 qui
1030 998 1090 1044 non
1104 981 1296 1065 intellegeret
1311 980 1524 1062 captiuitatem

400 1081 437 1145 ob
452 1081 566 1146 delicta
580 1082 680 1165 gentis
695 1082 830 1160 illatam,
851 1083 1013 1163 postremis
1028 1084 1158 1165 denique
1178 1084 1268 1148 malis
1283 1083 1420 1162 debitus,
1441 1082 1523 1166 regis

400 1185 537 1249 animum
553 1185 688 1249 offendit.
705 1185 749 1248 ita
764 1185 792 1250 ei
806 1188 875 1267 post
889 1205 1000 1251 nouem
1015 1203 1107 1251 annos
1117 1186 1392 1250 Nabuchodonosor
1406 1185 1523 1249 bellum
1581 1269 1584 1275 ¹

379 1287 520 1365 sintulit,
550 1289 800 1370 compulsumque
821 1289 902 1353 intra
924 1306 1028 1354 muros
1056 1288 1216 1373 confugere
1240 1288 1371 1353 triennio
1393 1287 1521 1351 obsedit.

297 1441 299 1445 Α
400 1409 458 1472 qua
471 1391 654 1472 tempestate
669 1391 859 1456 Hieremiam
874 1392 1062 1473 prophetam,
1084 1397 1136 1474 661
1151 1393 1214 1456 iam
1229 1391 1347 1472 saepius
1362 1389 1550 1455 immineret

400 1492 467 1556 urbi
488 1492 702 1574 captiuitatem
715 1494 986 1578 ipronmtiauerat,
1009 1495 1155 1573 consulit,
1178 1495 1205 1557 si
1220 1494 1294 1576 quid
1309 1493 1373 1576 spei
1395 1491 1523 1557 forsitan

399 1596 577 1676 superesset.
611 1596 664 1659 sed
692 1596 745 1660 1116
773 1597 911 1661 caelestis
939 1598 1002 1662 irae
1023 1615 1083 1661 non
1104 1598 1243 1681 ignarus,
1273 1596 1378 1661 eadem
1404 1594 1524 1675 saepius

399 1698 618 1782 interrogatus,
641 1699 811 1781 respondit,
834 1699 894 1781 ipsi
914 1700 981 1784 regi
1001 1700 1163 1782 specialem
1184 1717 1311 1781 poenam
1333 1696 1523 1762 denuntians.

366 1824 390 1862 10
399 1801 467 1864 tum
483 1818 553 1865 uero
566 1800 725 1869 sedechias
741 1802 773 1865 16
787 1802 866 1866 iram
878 1803 1027 1868 excitatus
1039 1803 1123 1867 trudi
1134 1802 1312 1884 prophetam
1327 1801 1360 1865 16
1375 1803 1553 1865 carcerem3

399 1903 498 1967 iubet:
514 1921 644 1987 moxque
659 1923 729 1968 eum
745 1906 876 1969 crudelis
891 1905 966 1970 facti
979 1906 1092 1990 piguit,
1113 1906 1166 1971 sed
1181 1905 1399 1969 obsistentibus
1413 1903 1525 1966 Iudae·

399 2024 485 2070 orum
500 2006 704 2088 principibus,
721 2008 831 2089 quibus
846 2009 909 2073 iam
923 2009 995 2073 inde
1009 2029 1027 2073 a
1041 2009 1188 2091 principio
1209 2007 1303 2072 moris
1318 2007 1418 2072 fuerat
1432 2005 1525 2070 bonos

398 2127 549 2189 premere,
572 2109 728 2174 absoluere
754 2110 943 2176 innocentem
964 2129 1023 2176 non
1049 2131 1149 2176 66666,
1177 2111 1275 2175 isdem
1295 2109 1473 2193 cogentibus
1492 2107 1555 2172 164

398 2211 500 2274 lacum
514 2211 646 2276 inmensi
660 2212 802 2293 profundi
815 2232 965 2295 caenoque
980 2232 1015 2278 ac
1029 2215 1169 2278 sordibus
1180 2216 1271 2296 atque
1283 2232 1318 2276 ex
1330 2230 1363 2276 eo
1376 2210 1527 2276 exitiabili

366 2333 389 2373 6
399 2313 512 2378 foetore
526 2314 684 2379 horridum
696 2316 847 2379 demissus
863 2317 918 2394 est,
928 2318 963 2380 ut
977 2335 1014 2380 ne
1030 2316 1162 2397 simplici
1174 2316 1299 2397 quidem
1312 2314 1411 2378 morte
1426 2312 1526 2393 exspi-

398 2417 487 2494 raret.
497 2417 549 2481 sed
555 2437 607 2482 rex
615 2418 688 2482 licet
694 2418 818 2500 impius,
826 2419 981 2500 aliquanto
989 2420 1093 2483 tamen
1102 2418 1307 2483 sacerdotibus
1315 2415 1430 2494 mitior,
1438 2414 1526 2479 educi

399 2520 579 2601 prophetam
591 2521 628 2585 de
642 2521 711 2585 lacu
727 2523 757 2585 et
772 2521 899 2586 carceris
911 2521 1066 2586 custodiae
1080 2521 1167 2585 reddi
1181 2520 1275 2584 iubet.
1292 2519 1408 2583 interea
1422 2515 1553 2581 obses-5

400 2639 448 2686 sos
462 2623 511 2686 616
525 2622 662 2687 hostium
677 2625 708 2688 et
722 2625 847 2705 penuria
861 2625 1001 2708 urgebat,
1022 2624 1268 2704 consumptisque
1283 2621 1432 2698 omnibus,
1449 2637 1526 2701 quae

399 2725 504 2789 mandi
518 2726 667 2807 poterant,
683 2726 779 2790 fames
795 2727 981 2792 inualuerat:
1002 2729 1047 2791 ita
1062 2726 1188 2792 defessis
1203 2725 1303 2790 inedia
1318 2721 1526 2788 defensoribus

366 2845 391 2887 ro
399 2827 546 2909 oppidum
566 2829 690 2910 captum
705 2829 930 2912 incensumque.
954 2849 1021 2908 rex,
1045 2832 1080 2894 ut
1094 2829 1240 2913 propheta
1255 2828 1386 2904 dixerat,
1409 2824 1526 2889 effossis

400 2930 495 2994 oculis
511 2930 700 3014 Babylonem
715 2933 895 3011 translatus,
917 2933 1091 2998 Hieremias
1111 2931 1319 2997 misericordia
1338 2928 1445 2993 hostili
1458 2946 1525 2992 car-

399 3051 465 3098 cere
480 3035 646 3115 exemptus.
670 3054 740 3098 cum
755 3055 826 3100 eum
840 3036 1056 3114 Nabuxardan,
1076 3036 1214 3117 princeps
1229 3035 1346 3118 regine,
1367 3031 1553 3113 6661166166

400 3153 470 3199 cum
485 3136 593 3200 ceteris
608 3137 740 3214 duceret,
753 3138 854 3202 delata
868 3138 928 3202 sibi
943 3140 1063 3220 optione
1078 3139 1116 3202 ab
1132 3138 1294 3215 66616616
1305 3137 1337 3200 in
1352 3135 1415 3199 solo
1426 3133 1524 3217 patrio

400 3239 517 3303 deserto
530 3240 724 3323 desolatoque
736 3241 899 3305 subsistere
911 3260 949 3305 66
961 3260 1064 3305 secum
1076 3241 1159 3304 abire
1174 3240 1206 3303 in
1217 3239 1346 3303 summis
1360 3236 1525 3301 honoribus

365 3357 390 3398 6
399 3341 503 3419 uellet,
518 3342 649 3407 residere
663 3343 696 3407 16
709 3344 808 3424 patria
823 3343 942 3408 maluit.
969 3343 1244 3408 Nabuchodonosor
1258 3341 1388 3405 abducto
1402 3338 1523 3420 666616,
1536 3335 1552 3390 l

399 3444 529 3508 residuis
544 3463 619 3527 quos
634 3445 709 3509 belli
724 3446 917 3510 conditional
930 3446 1059 3527 praedae
1073 3444 1233 3508 fastidium
1247 3442 1379 3524 relinqui
1393 3460 1412 3505 6
1426 3440 1525 3504 61616-

400 3547 484 3611 ribus
506 3546 634 3625 fecerat,
663 3547 824 3613 Godoliam
850 3549 987 3612 eiusdem
1009 3547 1110 3632 gentis
1131 3545 1305 3628 praeposuit
1326 3544 1439 3625 absque
1460 3541 1524 3605 ullo

400 3649 513 3734 insigni
534 3651 617 3734 regio
638 3653 692 3715 aut
707 3651 829 3733 imperii
843 3651 981 3730 nomine,
997 3651 1069 3732 quia
1082 3668 1220 3732 praeesse
1234 3647 1337 3730 paucis
1353 3647 1384 3712 61
1398 3645 1523 3710 calami-

399 3752 474 3816 tosis
490 3753 575 3817 nulla
590 3754 725 3837 dignitas
741 3756 813 3818 erat.

504 3939 541 3995 10
558 3940 611 3993 Jer.
631 3940 668 3997 37
688 3957 743 4009 666.
782 3941 818 3997 13
836 3942 875 3994 IV
892 3941 956 4009 Reg.
976 3939 1022 3997 25.
1041 3937 1070 3990 11
1087 3940 1147 3992 Par.
1167 3938 1212 3995 36,

449 4091 581 4148 4666616
601 4093 628 4147 b:
647 4109 711 4148 .1111.
734 4096 774 4162 P,
801 4096 835 4161 cf.
855 4095 1081 4163 1171166261.
1147 4091 1357 4148 6Jeremiamb
1381 4091 1394 4158 ΙΙ
1419 4090 1526 4159 6616666

400 4178 505 4247 saepius
522 4179 550 4232 P
601 4179 770 4235 7666661611
781 4180 896 4233 molebat
908 4180 941 4233 de
954 4180 1042 4232 Proto
1107 4177 1144 4233 10
1161 4177 1303 4230 carcereP
1366 4175 1403 4232 13
1420 4176 1526 4228 nonest

400 4265 506 4319 aususb
529 4267 541 4333 11
564 4264 667 4319 hisdem
680 4267 708 4318 P
772 4266 809 4321 14
827 4265 983 4333 coenoqueb
1053 4262 1089 4320 16
1107 4262 1272 4331 principibus
1288 4262 1380 4315 mitior
1401 4261 1526 4315 Vorstc'us

400 4351 467 4404 6661.
519 4351 556 4408 19
574 4350 653 4405 famis
667 4353 694 4405 P
739 4352 776 4408 21
795 4351 947 4405 babilonem
960 4351 988 4403 P
1039 4348 1266 4405 22Nabuzardan
1278 4348 1331 4401 Pb:
1349 4345 1525 4400 Nebuzardan

400 4435 503 4504 6166661
515 4437 589 4490 editt.
599 4439 764 4505 posteriores
816 4436 853 4493 26
872 4437 978 4505 uellate
989 4437 1029 4502 P,
1043 4451 1101 4488 666
1113 4437 1152 4498 61,
1170 4441 1203 4488 ct
1215 4435 1256 4487 cit
1267 4433 1301 4486 de
1312 4434 1400 4486 Proto
1416 4432 1427 4498 ΙΙ
1444 4430 1525 4483 relin-

400 4523 446 4590 qui
459 4523 499 4590 P,
518 4525 630 4578 616661.
650 4524 790 4578 (1166116666
803 4522 984 4591 6131666166
1002 4520 1100 4588 reliqui
1116 4521 1132 4574 b
1195 4518 1233 4575 28
1250 4517 1381 4587 praeesse]
1393 4531 1486 4584 praece
1497 4516 1526 4569 P

399 4606 461 4676 (pro
483 4610 588 4678 praesc)
667 4610 705 4666 29
729 4612 794 4663 erat.
813 4622 944 4661 66666666
962 4595 1087 4660 6666666
1109 4593 1293 4659 cuxorucou’v
1308 4617 1393 4656 xmus
1410 4616 1523 4654 remus.

399 4710 508 4749 rxcrrrn
526 4710 668 4748 sncvunvs
681 4735 686 4748 .
700 4710 771 4748 6666
788 4708 935 4781 66666666
948 4733 953 4746 .
968 4693 1012 4746 Ρ.
