3834 5634
810 733 924 790 Chrou.
943 734 979 798 Π,
998 733 1118 790 22-24.
1476 734 1517 798 79

396 889 489 955 nante
516 888 653 972 primum
683 888 790 954 Iudaei
820 889 973 970 apopulo
998 889 1133 952 Romano
1158 889 1328 953 amicitiam
1353 889 1519 970 foedusque

397 991 527 1075 petiere:
549 991 738 1076 benigneque
754 993 877 1073 excepta
897 991 1026 1075 legatio,
1048 992 1166 1056 decreto
1188 993 1310 1056 senatus
1332 992 1406 1057 socii
1427 994 1520 1074 atque

398 1094 490 1161 amici
515 1094 671 1178 appellati.
695 1094 818 1159 interim
842 1094 1018 1159 Demetrius
1043 1095 1188 1158 aduersus
1213 1095 1324 1159 Iudam
1349 1114 1404 1178 per
1428 1095 1519 1159 ducos

398 1215 469 1262 suos
483 1196 601 1261 bobum
615 1196 747 1280 gerebat.
771 1215 806 1261 ac
819 1197 955 1278 primum
974 1215 1028 1279 per
1047 1197 1231 1262 Bacchidem
1245 1197 1396 1278 quendam
1416 1199 1448 1261 et
1461 1196 1548 1260 ill-s
1655 1216 1657 1220 ⁴

378 1299 516 1365 ocimum
540 1299 688 1364 Iudaeum
708 1300 818 1363 ductus
839 1299 1003 1363 exercitus:
1036 1301 1105 1382 post
1129 1301 1262 1364 Nicanor
1286 1300 1365 1363 bello
1392 1317 1520 1382 praepo-

400 1403 478 1468 situs
505 1401 538 1466 in
557 1400 671 1484 proelio
692 1401 841 1466 occubuit.
865 1402 934 1466 tum
957 1403 1124 1467 Bacchides
1145 1404 1176 1468 et
1195 1402 1336 1466 Alcimus
1356 1401 1503 1483 resumpt'

400 1503 519 1570 uiribus
533 1503 691 1586 auctisque
705 1503 799 1586 copiis
814 1505 978 1569 aduersum
998 1505 1108 1570 ludam
1124 1505 1299 1588 confligunt.
1322 1505 1355 1569 in
1369 1524 1405 1570 ea
1420 1521 1523 1587 pugna

400 1605 532 1674 uictores
552 1605 621 1690 Syri
640 1607 762 1671 cruente
782 1607 946 1671 admodum
968 1607 1097 1672 uictoria
1116 1608 1173 1672 usi.
1196 1607 1328 1672 Hebraei
1363 1607 1396 1671 in
1420 1607 1523 1671 locum

400 1708 496 1776 Iudae
515 1708 692 1788 Ionatham,
720 1708 846 1775 fratrem
873 1709 953 1787 eius,
982 1709 1130 1793 deligumt.
1154 1710 1270 1776 interea
1289 1709 1430 1775 Alcimus
1452 1719 1551 1773 cumo

366 1811 489 1878 oseem
513 1811 759 1895 Hierosolymam
784 1813 948 1890 uastasset,
971 1813 1115 1878 moritur:
1138 1814 1305 1878 Bacchides
1327 1813 1407 1878 socio
1428 1810 1523 1876 desti-

396 1915 490 1981 tutus
509 1915 549 1979 ad
568 1932 672 1998 rogem
691 1914 780 1979 redit.
804 1915 874 1979 dein
893 1915 963 1997 post
983 1914 1140 1979 biennium
1159 1935 1264 1980 rursus
1277 1915 1443 1980 Bacchides
1458 1913 1524 1979 bel-

401 2017 470 2083 lum
483 2016 604 2082 Iudaeis
619 2016 741 2095 intulit,
764 2017 865 2081 uictus
890 2036 995 2098 pacem
1020 2017 1108 2099 petit.
1132 2037 1208 2100 quae
1233 2018 1395 2101 propositis
1420 2016 1524 2082 condi·

394 2119 539 2184 tionibus
569 2119 661 2198 data,
695 2119 722 2183 si
746 2118 890 2203 perfugas
915 2119 1112 2202 captiuosque
1143 2122 1174 2184 et
1205 2120 1307 2185 omnia
1331 2121 1411 2184 bello
1437 2121 1526 2203 rapta

402 2222 550 2287 redderet.

369 2350 394 2389 15
446 2325 530 2389 Dum
551 2324 625 2388 haec
646 2324 727 2388 intra
749 2325 894 2388 Iudaeam
914 2325 1076 2407 geruntur,
1099 2325 1270 2388 adolescens
1285 2325 1411 2406 quidam
1424 2323 1525 2388 Rhodi
1535 2324 1576 2400 24

405 2429 566 2504 educatus,
588 2427 710 2491 nomine
731 2425 916 2505 Alexander,
948 2425 1096 2491 Antiochi
1117 2445 1149 2490 se
1170 2444 1234 2490 esse
1248 2426 1348 2490 filium
1370 2426 1526 2504 dictitans,

405 2529 615 2612 quodfalsum
635 2529 714 2607 erat,
737 2529 861 2600 adiutus
886 2528 995 2610 opibus
1019 2529 1187 2593 Ptolemaei
1212 2529 1293 2612 regis
1318 2528 1526 2606 Alexandrini,

404 2631 437 2696 in
456 2631 576 2715 Syriam
596 2650 667 2695 cum
682 2630 813 2695 exercitu
833 2631 933 2695 uenit:
956 2631 1148 2695 Demetrium
1163 2631 1242 2695 bello
1258 2631 1433 2715 superatum
1448 2630 1528 2695 occi·

405 2735 466 2814 dit,
490 2753 559 2798 oum
574 2735 731 2818 regnasset
745 2752 837 2798 annos
859 2752 919 2798 x11.
942 2734 993 2798 hio
1013 2733 1199 2812 Alexander,
1221 2734 1399 2816 priusquam
1419 2735 1556 2799 adnot-2

369 2847 456 2901 ²⁰sus
482 2836 675 2901 Demetrium
701 2835 890 2919 confligeret,
913 2835 1019 2901 foedus
1040 2856 1111 2901 cum
1131 2837 1260 2902 Ionatha
1273 2836 1385 2901 fecerat
1399 2856 1529 2919 eumque

404 2940 490 3004 ueste
504 2958 655 3020 purpurea
669 2939 700 3002 et
714 2939 885 3022 insignibus
900 2939 993 3022 regiis
1009 2939 1181 3004 donauerat.
1206 2941 1243 3003 ob
1259 2940 1339 3022 quod
1354 2959 1425 3005 eum
1439 2941 1528 3004 Iona-

404 3042 459 3106 tha
473 3042 595 3106 auxiliis
611 3041 730 3105 iuuerat
743 3041 884 3123 uictoque
899 3043 1055 3106 Demetrio
1076 3043 1194 3124 primus
1214 3043 1352 3107 omnium
1367 3043 1529 3126 congratu-

404 3145 503 3209 latum
518 3145 695 3208 occurrerat.
719 3162 815 3225 neque
835 3145 940 3225 postea
959 3144 1131 3210 Alexander
1152 3146 1256 3210 datam
1277 3144 1369 3209 fidem
1384 3145 1527 3227 corrupit.

404 3248 450 3312 ita
475 3246 694 3329 quinquennio,
723 3265 781 3327 quo
807 3266 909 3310 rerum
935 3247 1052 3327 potitus
1079 3250 1140 3324 est,
1163 3265 1210 3310 res
1236 3246 1419 3311 ludaeorum
1444 3248 1556 3315 tran-3
1664 3232 1668 3241 ¹

370 3350 518 3432 ²⁵quillae
539 3348 670 3414 fuerunt.
695 3348 792 3432 igitur
812 3347 991 3412 Demetrius
1005 3348 1155 3413 Demetrii
1176 3348 1272 3426 fihus,
1296 3349 1349 3430 qui
1363 3349 1432 3429 post
1446 3366 1528 3413 mor-

404 3454 468 3517 tem
493 3452 589 3534 patris
616 3449 738 3515 Cretam
772 3450 963 3534 confugerat,
997 3451 1136 3515 hortante
1161 3450 1310 3514 Lasthene
1340 3449 1529 3515 Cretensium

404 3556 494 3632 duce,
528 3573 655 3637 regnum
681 3553 816 3634 patrium
847 3553 926 3617 bello
958 3555 1110 3634 repetens,
1144 3553 1243 3634 impar
1274 3553 1392 3618 uiribus
1423 3554 1529 3619 Ptole-

404 3675 527 3721 maeum
542 3657 781 3720 Philometorem
801 3674 904 3739 regem
925 3655 1076 3740 Aegypti,
1100 3655 1266 3720 Alexandri
1287 3674 1438 3734 socerum,
1465 3657 1529 3722 iam
1592 3669 1594 3673 '
1637 3685 1639 3691 ’

404 3761 473 3823 tum
488 3777 596 3843 genero
611 3758 773 3836 infestum,
796 3759 833 3822 ut
847 3759 906 3822 sibi
923 3759 965 3822 sit
979 3759 1107 3837 auxiho,
1138 3759 1292 3842 implorat.
1315 3759 1369 3823 ille
1384 3779 1454 3824 uero
1469 3779 1529 3825 non
1539 3760 1572 3832 4'

372 3864 470 3927 ³⁰tam
484 3861 630 3945 supplicis
645 3861 784 3943 precibus
801 3881 894 3943 quam
909 3880 961 3943 spe
977 3861 1080 3945 Syriae
1095 3863 1283 3943 occupandae
1294 3862 1416 3928 illectus
1428 3864 1529 3946 copias

407 3983 477 4029 cum
492 3983 525 4029 eo
540 3964 657 4047 iungit,
681 3983 716 4027 ao
730 3963 828 4028 filiam
848 3965 1021 4029 Alexandro
1046 3967 1175 4046 nuptam
1202 3966 1256 4029 dat
1280 3966 1447 4031 Demetrio.
1474 3968 1529 4031 ad-

507 4168 655 4224 AIMacc.
675 4167 700 4224 9.
737 4167 775 4223 29
793 4167 807 4220 Ι
823 4168 903 4222 Mace.
924 4169 969 4224 11.

457 4355 477 4411 4
495 4356 639 4409 alchimum
655 4357 727 4424 P(et
738 4357 777 4410 sic
790 4356 936 4424 deinceps),
956 4373 1002 4410 em.
1025 4357 1164 4412 Gtsetinm
1227 4359 1246 4414 8
1264 4360 1306 4412 usi
1323 4359 1361 4412 P:
1380 4362 1442 4412 sunt
1454 4359 1496 4412 usi
1513 4359 1529 4413 b

417 4443 430 4509 ΙΙ
452 4441 579 4495 inlocum
590 4442 670 4516 occisi
682 4442 765 4496 Judae
780 4442 909 4510 Sigonius
962 4442 1150 4498 9lonathanb
1214 4445 1251 4501 10
1263 4445 1371 4498 sotioP
1423 4444 1458 4499 17
1471 4448 1530 4512 pto·

406 4525 526 4580 lomeiP
577 4527 793 4583 21Jonachaso
848 4528 886 4583 22
904 4527 1009 4581 iuuit..
1029 4529 1144 4582 occurrit
1156 4531 1225 4583 coni.
1239 4531 1273 4583 de
1285 4531 1373 4583 Proto
1424 4530 1529 4585 236οῐ-

406 4612 481 4680 rupit
504 4613 543 4665 P:
562 4613 704 4666 uiolauitb
765 4614 803 4672 25
821 4613 973 4666 Demetrius
997 4614 1108 4667 addidit
1131 4616 1261 4684 Sigonius
1324 4614 1362 4670 26
1380 4615 1481 4669 lastene
1503 4618 1531 4670 P

460 4697 497 4753 27
516 4699 677 4768 ptolomeum
688 4699 896 4769 phylometorem
908 4701 935 4753 P
