3834 5634
399 725 462 788 222
870 716 1050 788 Appendix.

367 891 384 946 5
438 882 508 939 Post
523 880 597 937 hunc
612 879 739 936 adstabit
754 879 858 952 dignus
873 878 988 937 Domini
1003 879 1049 936 sui
1063 878 1157 936 Dauid
1173 878 1295 937 semine:
1318 865 1390 951 ‘Ego
1406 879 1454 949 te,
1471 878 1528 936 Do·

395 985 486 1056 mine,
509 1001 559 1057 per
582 984 675 1042 omnia
699 982 847 1053 nuntiaui,
882 999 932 1056 ego
954 981 1062 1039 nomini
1077 983 1126 1039 tuo
1141 983 1256 1039 tantum
1271 981 1451 1039 seruiendum
1468 997 1529 1039 esse

396 1087 533 1145 clamauit
557 1103 608 1160 ego
624 1086 683 1144 dixi
711 1073 851 1144 ‘beatus
873 1085 930 1142 uir
952 1085 1008 1157 qui
1030 1084 1140 1142 timet
1162 1068 1379 1156 Dominum',
1404 1100 1455 1157 ago
1471 1083 1529 1141 dixi

395 1178 638 1248 ‘exultabunt
660 1188 786 1247 sancti
809 1189 843 1246 in
866 1173 1017 1262 gloria’,
1042 1205 1093 1261 ego
1109 1188 1168 1246 dixi
1187 1175 1429 1246 ‘desiderium
1451 1203 1529 1260 pec·

396 1294 564 1351 catorum
586 1275 757 1365 peribit’,
781 1293 814 1349 ut
835 1291 885 1350 isti
914 1294 942 1350 te
964 1293 1149 1364 agnoscerent
1169 1293 1197 1350 ot
1217 1308 1332 1364 peccare
1358 1291 1528 1350 desinerent.
1551 1304 1562 1342 ⁵

397 1414 448 1469 ego
463 1413 528 1454 curn
543 1395 622 1469 regia
637 1394 783 1467 praeditus
798 1411 889 1453 essem
912 1396 1069 1467 potestate,
1093 1394 1185 1453 cilicio
1206 1395 1381 1466 superteoto,
1412 1395 1531 1466 puluere

398 1499 540 1570 subiecto,
565 1498 702 1570 depositis
732 1497 894 1571 insignibus
924 1497 1152 1570 magnificentiae
1182 1515 1260 1556 meae
1283 1497 1419 1568 procubui
1440 1496 1530 1554 uesti-

397 1602 517 1673 mentis,
541 1603 574 1658 ut
590 1601 655 1658 istis
676 1600 904 1658 mansuetudinis
925 1602 1012 1673 atque
1034 1600 1209 1659 humilitatis
1230 1602 1346 1658 daretur
1360 1600 1529 1672 exemplum.

399 1721 450 1778 ego
465 1704 589 1761 inimicis
604 1703 691 1775 moia,
716 1703 765 1776 qui
781 1703 939 1762 interficere
954 1719 999 1761 me
1015 1704 1183 1775 cupierunt,
1207 1703 1338 1776 peperci,
1362 1704 1395 1760 ut
1417 1701 1530 1761 miseri-

398 1808 522 1866 cordiam
537 1824 628 1864 meam
642 1806 693 1863 isti
707 1807 859 1878 probarent
874 1791 1063 1863 imitandam'.
1079 1808 1149 1864 Post
1164 1808 1239 1864 hunc
1253 1806 1344 1863 Isaias
1359 1805 1464 1879 dignus
1478 1804 1531 1863 Dei
1541 1817 1565 1856 1⁰

399 1910 503 1983 spiritu
528 1926 584 1968 non
607 1908 721 1966 tacebit.
744 1896 830 1981 ‘Ego,
854 1909 988 1980 Domine,
1011 1911 1040 1966 te
1061 1925 1112 1980 per
1134 1926 1164 1967 os
1181 1926 1275 1967 meum
1294 1909 1428 1982 loquente
1448 1924 1531 1980 prac-

398 2011 495 2070 monui
530 1999 605 2069 ‘uae
633 2011 681 2068 iis
709 2011 772 2083 qui
794 2011 955 2084 iungunt
978 2013 1117 2069 domum
1145 2012 1185 2069 ad
1211 1995 1376 2082 domum',
1411 2013 1445 2069 ut
1471 2028 1531 2069 mo·

399 2116 466 2172 dum
481 2113 634 2186 cupiditati
649 2113 820 2186 inponerem.
838 2130 889 2187 ego
905 2114 978 2172 iram
992 2116 1072 2172 tuam
1088 2115 1271 2186 peccantibus
1283 2115 1395 2172 uenisse
1407 2115 1532 2172 testatus

400 2235 480 2288 sum,
504 2219 538 2273 ut
552 2216 624 2274 istos
639 2234 656 2274 a
671 2216 831 2275 malefactis
847 2217 907 2274 suis
923 2216 948 2274 si
963 2235 1020 2276 non
1035 2235 1099 2290 spes
1115 2218 1320 2290 praemiorum,
1345 2217 1410 2275 salt'
1464 2234 1531 2289 sup-

401 2320 551 2393 pliciorum
566 2319 685 2377 formido
701 2305 863 2378 cohiberet'.

372 2430 390 2484 6
443 2424 512 2481 Post
538 2422 589 2480 hos
612 2422 739 2496 aliosque
768 2423 931 2495 conplures,
955 2423 1006 2497 qui
1028 2423 1172 2481 doctrinae
1193 2423 1274 2481 nobis
1297 2423 1390 2481 officia
1410 2422 1533 2495 praesti·

400 2527 507 2597 terunt,
523 2525 585 2597 ipse
599 2525 652 2583 Dei
667 2525 744 2582 filius
759 2525 828 2583 haec
842 2526 991 2598 loquetur:
1014 2513 1085 2599 ‘Ego
1101 2528 1176 2584 corte
1191 2526 1301 2584 excelsa
1316 2527 1380 2585 sede
1392 2525 1533 2596 sublimis,

401 2629 511 2687 caelum
540 2628 652 2700 palma,
675 2629 782 2685 terram
809 2629 919 2702 pugillo
941 2629 1106 2700 continens,
1130 2629 1207 2686 intra
1237 2631 1372 2703 extraque
1402 2629 1533 2700 diffusus,

401 2733 566 2789 cunctorum
589 2746 661 2802 quae
687 2730 846 2804 gignuntur
868 2732 988 2790 interior
1016 2735 1102 2806 atque
1126 2732 1256 2791 omnibus
1282 2749 1354 2805 quac
1384 2733 1535 2790 mouentur

402 2834 542 2904 exterior,
579 2832 818 2905 inaestimabilis,
855 2836 975 2892 naturae
1006 2837 1147 2906 potestate
1183 2835 1333 2907 infinitus,
1376 2834 1566 2892 inuisibilisa

403 2938 533 3009 aspectu,
557 2934 851 3006 incomprehensibilis
866 2937 998 3008 adtactu,
1022 2939 1056 2994 ut
1071 2937 1147 2995 inter
1161 2956 1213 2996 uos
1228 2940 1265 2996 ad
1280 2939 1463 2996 edomandam
1479 2938 1532 2995 du·

402 3039 499 3096 ritiam
533 3037 624 3095 cordis
655 3037 746 3094 uestri
768 3040 797 3095 et
819 3038 967 3110 perfidiam
989 3040 1126 3099 doctrinis
1147 3041 1323 3099 salutaribus
1350 3041 1533 3099 molliendam

403 3143 531 3199 uestrum
561 3139 697 3197 minimus
720 3141 883 3212 existerem,
906 3142 986 3200 nasci
1009 3160 1092 3201 carne
1114 3144 1249 3217 dignatus
1264 3161 1327 3202 sum
1348 3143 1533 3217 depositaque

404 3244 456 3302 Dei
470 3244 563 3317 gloria
577 3243 708 3301 habitum
723 3243 829 3303 formae
845 3245 959 3304 seruilis
977 3247 1137 3318 adsumpsi,
1161 3249 1194 3304 ut
1215 3246 1421 3306 communicata
1436 3245 1533 3304 uobis-

404 3365 467 3406 cum
482 3347 650 3404 infirmitate
665 3364 806 3420 corporea,
822 3365 936 3406 rursum
951 3349 982 3405 in
998 3350 1170 3407 consortium
1185 3349 1294 3423 gloriae
1308 3366 1386 3407 meae
1402 3365 1453 3421 per
1468 3349 1533 3407 obe·
1543 3361 1566 3402 11

404 3451 541 3521 dientiam
571 3449 714 3522 praecepti
744 3450 847 3508 salutis
877 3452 1049 3511 adhiberem.
1074 3453 1167 3525 aegris
1197 3453 1374 3526 infirmisque
1404 3453 1535 3510 omnibus

405 3553 572 3623 sanitatem,
596 3552 726 3610 auditum
756 3553 865 3625 surdis,
895 3554 991 3612 uisum
1020 3555 1125 3627 caecis,
1157 3573 1254 3614 uocem
1280 3556 1385 3627 mutis,
1424 3554 1535 3613 claudis

405 3657 507 3729 pedum
523 3655 616 3713 officia
630 3655 759 3726 restitui,
782 3658 816 3714 ut
830 3674 881 3715 uos
896 3657 987 3730 signis
1002 3657 1172 3716 caelestibus
1187 3675 1395 3730 permonerem,
1420 3675 1475 3731 quo
1491 3657 1535 3714 fa·

405 3759 489 3817 cilius
505 3759 536 3815 in
551 3760 695 3830 meatque
716 3758 746 3815 in
761 3759 812 3830 iis,
837 3777 908 3832 quae
924 3761 1172 3833 praedicaneram,
1196 3761 1356 3819 crederetis
1388 3778 1439 3834 ego
1454 3760 1535 3818 uobis

406 3862 547 3919 caelorum
561 3877 649 3933 regna
665 3861 795 3933 promisi,
819 3879 870 3936 ego
887 3863 989 3935 etiam,
1012 3865 1046 3921 ut
1075 3864 1246 3936 inpunitatis
1272 3864 1416 3922 haberetis
1442 3880 1569 3922 exem-ao

406 3966 500 4038 plum,
524 3963 681 4035 latronam,
699 3965 748 4038 qui
763 3982 807 4022 me
823 3967 875 4024 sub
891 3967 991 4024 mortis
1007 3984 1074 4025 suae
1090 3969 1214 4039 ternpore
1230 3967 1388 4039 fatebatur,
1405 3967 1436 4025 in
1452 3983 1535 4039 para-

407 4069 467 4126 diso
484 4066 634 4138 collocem,
659 4068 692 4123 ut
707 4068 754 4125 uel
769 4068 850 4126 illius
865 4069 963 4141 fidem,
988 4070 1037 4143 qui
1058 4070 1166 4128 remitti
1182 4070 1237 4128 sibi
1252 4073 1394 4128 meruerat
1409 4072 1534 4142 peccata,

1543 2335 1566 2374 15

511 4251 528 4306 3
547 4249 590 4301 es.
612 4248 676 4311 111,
698 4250 721 4304 1.
786 4250 806 4306 4
829 4252 872 4305 es.
895 4252 959 4316 141,
979 4240 1015 4311 a
1037 4253 1048 4320 p
1077 4253 1120 4306 es.
1142 4252 1273 4320 11111.
1330 4251 1488 4314 111115,
1509 4250 1535 4306 a.

411 4336 448 4393 18
467 4338 498 4389 cl.
518 4336 568 4388 les
588 4333 634 4398 lo,
656 4335 699 4390 12.
1467 4331 1469 4336 ’

461 4505 678 4573 bsuperiectob
748 4508 953 4563 laestimentis
966 4509 1097 4578 glossema
1117 4510 1231 4563 uidetur·
1302 4508 1340 4565 10
1357 4507 1537 4616 istisvproba·

408 4626 498 4678 remb
521 4628 532 4692 ΙΙ
556 4628 689 4695 esayasC
751 4628 999 4692 raucedine
1053 4630 1233 4685 rasarone
1300 4629 1336 4685 19
1355 4626 1541 4696 gignentnrO

461 4711 498 4766 21
518 4711 692 4766 edomandum
702 4715 739 4770 Ob
792 4715 829 4771 26
849 4716 1005 4769 salutarisb
1058 4716 1095 4772 29
1114 4715 1169 4769 hiis
1186 4716 1219 4780 0,
1230 4715 1299 4769 hisb
1352 4715 1389 4771 32
1402 4713 1537 4767 1111111111
