3834 5634
373 765 439 812 VIII

426 900 531 990 Quod
556 902 709 976 Seuerus
739 930 815 1002 lpse
838 904 1016 1001 gloriatus
1053 921 1107 979 est
1143 907 1275 980 librum
1312 933 1418 1004 quem
1457 909 1501 980 de

374 1020 448 1093 uita
470 1021 616 1094 Martini
639 1022 812 1095 edidisset
835 1023 998 1098 studiose
1030 1026 1100 1124 legi
1124 1029 1174 1124 (u.
1197 1028 1311 1125 Epist.
1338 1034 1376 1118 1,
1404 1030 1441 1125 1)
1465 1039 1501 1101 et

371 1165 437 1238 per
467 1152 585 1214 totum
616 1142 689 1216 fere
718 1142 841 1216 orbem
872 1155 1052 1218 terrarum
1094 1158 1301 1244 penetrasse
1331 1147 1438 1244 (Dial.
1469 1147 1498 1238 I,

375 1262 434 1351 20,
460 1263 502 1350 3,
526 1263 570 1334 of.
590 1262 696 1334 etiam
718 1262 810 1336 Dial.
833 1264 900 1354 Ill,
927 1270 985 1354 17,
1009 1269 1033 1337 4
1055 1268 1164 1364 sqq),
1188 1267 1257 1339 hoc
1278 1268 1387 1340 hodie
1411 1293 1500 1364 quo·

374 1406 443 1478 que
466 1407 511 1453 ex
534 1393 635 1480 parte
663 1382 787 1456 testari
818 1410 1030 1482 possumus:
1062 1412 1142 1458 nam
1168 1386 1232 1458 uix
1256 1386 1325 1457 ulla
1348 1386 1501 1485 amplior

372 1499 589 1575 bibliotheca
611 1513 748 1594 exstat,
772 1502 808 1575 in
833 1530 903 1601 qua
933 1530 1007 1578 non
1036 1506 1200 1604 exempla
1232 1505 1363 1578 horum
1388 1533 1498 1604 opus-

373 1619 536 1694 culorum.
566 1621 806 1696 inueniantur.
839 1625 902 1696 sed
934 1650 1006 1721 quo
1030 1625 1255 1723 frequentius
1278 1625 1437 1698 lectitata
1460 1635 1497 1698 et
1541 1622 1545 1629 ’

372 1741 551 1839 descripta
580 1752 680 1834 sunt,
715 1770 756 1816 eo
789 1743 986 1841 procliuior
1008 1759 1084 1817 erat
1106 1770 1231 1817 eorum
1254 1745 1498 1842 interpolatio,

371 1861 661 1959 exstiteruntque
693 1863 784 1934 duae
813 1863 977 1936 codicum
1001 1864 1171 1956 familiae,
1209 1891 1361 1962 quarum
1386 1864 1500 1963 scrip-

371 1991 472 2053 turae
503 1981 697 2054 admodum
727 1983 823 2055 inter
853 2008 892 2056 se
923 1983 1137 2082 discrepant.
1179 1985 1307 2057 harum
1351 1984 1498 2057 alteram

371 2099 547 2191 Italicam,
582 2101 729 2174 alteram
763 2101 932 2176 Gallicam
966 2114 1002 2175 et
1033 2102 1282 2177 Germanicam
1312 2103 1499 2177 nominare

371 2220 497 2319 possis.
528 2221 691 2295 neutrius
713 2222 867 2296 familiae
898 2223 1070 2296 lectiones
1094 2224 1212 2297 adhuc
1242 2235 1406 2297 accurate
1439 2248 1499 2296 co·

369 2341 491 2439 gnitae
511 2352 628 2432 erant,
654 2342 836 2441 bonasque
851 2344 1054 2442 complures
1075 2343 1298 2434 inuenimus,
1323 2369 1415 2442 quae
1430 2344 1499 2417 etsi

369 2460 406 2534 in
436 2472 587 2560 utraque
615 2462 870 2555 inueniuntur,
894 2465 1057 2536 nondum
1085 2475 1204 2537 tamen
1236 2463 1272 2536 in
1304 2461 1498 2535 uerborum

370 2592 583 2654 contextum
605 2593 770 2681 receptae
789 2595 901 2655 erant.
920 2584 1052 2683 prioris
1071 2595 1190 2657 autem
1209 2583 1382 2673 familiae,
1407 2607 1499 2681 quae

371 2700 474 2773 alteri
497 2699 658 2773 bonitate
688 2700 796 2798 longe
827 2713 1003 2799 praestat,
1034 2728 1162 2799 agmen
1192 2704 1292 2776 ducit
1320 2702 1411 2776 liber
1441 2702 1499 2774 ille

371 2818 658 2908 uetustissimus,
693 2820 757 2917 qui
787 2822 823 2892 in
853 2819 1070 2893 bibliotheca
1102 2820 1248 2919 capituli
1277 2821 1500 2895 Veronensis

371 2939 592 3011 adseruatur.
626 2938 663 3010 ,is
692 2939 768 3037 ipse
800 2938 948 3037 quidem
982 2940 1123 3013 saeculo
1155 2939 1227 3013 VH
1249 2953 1332 3039 post
1363 2940 1446 3014 Ohr.
1466 2967 1501 3013 n.

371 3070 540 3131 exaratus
559 3069 624 3150 est,
645 3060 718 3147 sed,
736 3071 773 3132 ut
793 3085 839 3132 ex
859 3059 1125 3159 subscriptione
1144 3070 1292 3159 apparet
1306 3059 1379 3160 (fol.
1398 3064 1501 3158 114),

370 3179 616 3277 apographum
653 3191 708 3253 est
747 3179 830 3252 libri
869 3206 897 3252 a.
926 3183 999 3253 519
1030 3179 1245 3278 conscripti,
1288 3206 1321 3251 u.
1348 3180 1501 3252 Reiffer-

372 3298 520 3372 scheidii
529 3298 619 3372 Bibl.
635 3300 784 3373 Patrum
794 3299 917 3373 Italica
930 3300 959 3389 Ι,
970 3326 1004 3398 p.
1018 3302 1102 3374 112.
1111 3300 1207 3372 hunc
1221 3297 1351 3370 librum
1363 3298 1501 3396 primus

370 3422 560 3520 usurpauit
581 3420 826 3520 Hieronymus
857 3422 901 3494 de
915 3420 1046 3512 Prat0,
1069 3421 1229 3494 sednon
1253 3445 1293 3492 ea
1316 3419 1502 3516 diligentia

370 3542 541 3617 lectiones
564 3541 776 3641 exscripsit,
813 3567 902 3640 quae
934 3540 1042 3614 hodie
1071 3538 1110 3611 in
1141 3539 1198 3612 his
1229 3539 1338 3613 rebus
1369 3539 1501 3612 merito

371 3661 579 3759 requiritur.
638 3662 799 3734 codicem
851 3658 1200 3761 praestantissimum
1257 3659 1500 3757 Augustus

371 3780 722 3856 Reifferscheid
740 3780 777 3852 in
793 3791 959 3854 nostrum
978 3806 1084 3852 usum
1099 3779 1230 3853 iterum
1246 3779 1399 3853 contulit
1411 3778 1500 3852 mul-

371 3913 498 3999 tasque
521 3901 675 4000 optimas
697 3900 889 3993 lectiones,
914 3927 1003 3999 quas
1026 3900 1063 3973 in
1088 3899 1348 3973 commentario
1371 3898 1501 3970 Hiero-

372 4020 474 4120 nymi
506 4020 550 4093 de
580 4020 690 4094 Prato
719 4020 855 4094 frustra
895 4045 1065 4118 quaeras,
1101 4045 1148 4092 ex
1183 4045 1225 4093 eo
1256 4015 1419 4117 protulit.
1455 4017 1500 4088 ad

372 4142 521 4215 eandem
552 4140 724 4213 familiam
755 4141 913 4240 pertinet
941 4140 1057 4213 codex
1087 4139 1282 4212 Brixianus
1305 4135 1349 4208 ab
1372 4137 1500 4209 eodem

373 4261 418 4334 de
433 4260 542 4334 Prato
557 4285 751 4333 excussus:
774 4261 838 4358 qui
856 4261 925 4334 etsi
947 4259 1087 4333 saeculo
1103 4261 1248 4332 demum
1262 4254 1371 4328 XlIll
1386 4255 1499 4353 scrip-

372 4392 432 4455 tus
455 4405 533 4454 esse
554 4380 689 4470 fertur,
730 4379 825 4453 inter
847 4379 1005 4479 optimos
1028 4391 1148 4452 tamen
1171 4375 1410 4450 recensendus
1434 4386 1499 4448 est.

374 4526 591 4601 quamquam
606 4511 724 4573 autem
739 4499 815 4573 eius
830 4498 1031 4599 scripturae
1051 4496 1265 4596 plerumque
1286 4520 1365 4568 cum
1382 4492 1499 4568 Vero-

373 4622 476 4695 nensi
499 4619 728 4719 conspirant,
760 4645 807 4694 ex
838 4619 975 4718 aliquot
996 4630 1116 4692 tamen
1139 4614 1228 4690 locis
1251 4641 1332 4688 eum
1355 4641 1428 4689 non
1452 4641 1499 4689 ex
