3834 5634
750 781 912 851 Dialogus
930 783 944 836 I
962 782 1010 852 (11,
1031 780 1162 851 12-13.)
1460 782 1522 848 195

398 932 486 1017 uirgo
512 953 571 998 nen
596 953 686 1016 passa
711 938 767 1001 est.
791 957 851 1003 nen
865 938 973 1020 utique
987 937 1043 1003 illa
1058 955 1280 1019 quemcumque
1301 955 1320 1001 a
1341 956 1373 1001 se
1388 936 1524 1020 reppulit

402 1036 608 1114 sacerdotem,
631 1038 684 1102 sed
698 1038 731 1103 in
746 1040 811 1105 eius
826 1041 887 1106 uiri
901 1041 1099 1125 conspectum
1113 1039 1217 1123 puella
1230 1057 1290 1104 nou
1304 1040 1408 1118 uenit,
1431 1057 1523 1121 quem

401 1139 505 1204 uidere
531 1139 614 1205 salus
640 1141 812 1207 bidentium
839 1142 909 1208 fuit.
934 1144 1003 1226 quis
1028 1144 1133 1208 autem
1147 1143 1205 1206 hoc
1218 1144 1340 1225 praeter
1353 1142 1553 1209 Martinums

402 1243 541 1308 sacerdos
556 1263 616 1309 nen
631 1245 670 1309 ad
685 1264 773 1310 suam
787 1246 933 1326 iniuriam
947 1246 1143 1312 rettulisset?
1165 1264 1241 1327 ques
1256 1245 1421 1310 aduersum
1435 1263 1524 1309 sanc·

381 1346 468 1410 etam
481 1345 634 1430 uirginem
655 1349 757 1413 motus
784 1349 972 1431 quantasque
991 1349 1053 1414 iras
1067 1348 1170 1414 mente
1186 1347 1396 1430 concepisset?
1418 1347 1525 1412 haere·

402 1448 498 1514 ticam
523 1448 688 1514 iudicasset
713 1452 744 1515 et
770 1451 1026 1516 anathemandum
1041 1471 1107 1517 esse
1121 1450 1315 1516 decreuisset.
1345 1469 1438 1532 quam
1453 1467 1525 1514 uero
1538 1463 1577 1519 10

403 1550 453 1616 illi
467 1551 575 1616 beatae
589 1553 708 1618 animae
724 1553 794 1617 illas
809 1555 945 1638 uirgines
960 1554 1173 1638 praetulisset,
1197 1572 1274 1635 quae
1293 1553 1406 1618 crebris
1421 1571 1526 1617 eccur-

406 1654 491 1718 sibus
516 1654 629 1736 ubique
654 1674 686 1720 se
711 1657 857 1739 praebent
877 1657 984 1721 obuias
1005 1657 1170 1748 sacerdoti,
1193 1675 1269 1739 quae
1284 1656 1426 1721 conuiuia
1441 1674 1527 1720 sum-

403 1757 513 1840 ptuosa
538 1758 718 1841 disponunt,
747 1778 824 1841 quae
849 1778 910 1824 una
934 1759 1050 1842 pariter
1076 1759 1290 1824 discumbunt!
1313 1759 1366 1823 sed
1392 1777 1451 1840 que
1477 1776 1528 1822 me
1540 1770 1577 1825 11

367 1860 490 1925 reducit
504 1861 624 1926 oratio?
645 1861 807 1945 paululum
831 1862 891 1927 iste
915 1861 1040 1926 liberior
1065 1879 1164 1927 sermo
1179 1861 1390 1944 reprimendus
1405 1862 1467 1939 est,
1490 1879 1528 1925 ne

402 1962 436 2027 in
472 1962 645 2044 aliquorum
675 1963 804 2029 forsitan
836 1965 973 2029 incurrat
1003 1963 1171 2029 offensam:
1205 1964 1318 2028 etenim
1353 1962 1529 2028 infidelibus

404 2065 624 2149 obiurgatienis
653 2067 747 2132 uerba
771 2085 831 2132 non
856 2067 1037 2150 proderint,
1063 2067 1206 2132 fidelibus
1232 2068 1336 2131 autem
1361 2065 1530 2131 satisfaciet

405 2168 589 2251 exemplum.
612 2188 721 2234 uerum
745 2186 800 2253 ego
826 2169 872 2234 ita
905 2170 1055 2235 uirtutem
1086 2169 1179 2233 huius
1209 2167 1340 2252 uirginis
1371 2167 1529 2251 praedica-

403 2270 458 2348 be,
491 2271 527 2335 ut
552 2272 657 2337 tamen
686 2271 765 2335 nihil
801 2271 880 2350 illis,
914 2290 992 2354 quae
1018 2273 1057 2336 ad
1082 2271 1254 2335 Martinam
1291 2271 1459 2335 uidendum
1496 2289 1532 2334 ex

367 2391 393 2431 rs
405 2373 579 2457 longinquis
608 2373 784 2458 regionibus
820 2393 908 2457 saepe
942 2374 1107 2453 uenerunt,
1144 2373 1274 2439 arbitrer
1309 2373 1532 2461 derogandum,

404 2476 556 2558 siquidem
577 2477 636 2542 hcc
655 2478 779 2542 beatum
794 2477 898 2543 uirum
911 2477 1086 2560 frequenter
1100 2476 1213 2542 affectu
1228 2476 1321 2541 etiam
1342 2477 1444 2562 angeli
1469 2476 1531 2542 fre·

406 2580 590 2663 quentarint.

450 2681 592 2748 Ceterum
606 2684 679 2763 hcc,
695 2685 776 2767 quod
790 2683 929 2748 dicturus
944 2701 1029 2762 sum,
1051 2683 1183 2767 Sulpici,
1204 2683 1262 2747 hoc
1276 2684 1412 2748 te—me
1426 2683 1531 2747 autem
1545 2680 1583 2744 13

410 2784 728 2851 intuebatur—teste
742 2785 894 2868 perhibeo.
918 2783 1058 2864 Quodam
1083 2786 1133 2851 die
1158 2804 1214 2870 ego
1240 2788 1272 2851 et
1293 2786 1353 2851 iste
1378 2784 1532 2867 Sulpicius

374 2909 401 2953 ee
410 2905 464 2969 pro
490 2887 606 2952 foribus
631 2888 717 2953 illius
743 2889 924 2953 excubantes
944 2889 1075 2971 iamper
1089 2889 1207 2971 aliquot
1221 2889 1310 2954 horas
1325 2907 1396 2954 cum
1410 2888 1532 2953 silentio

413 2991 606 3070 sedebamus,
629 2992 747 3076 ingenti
767 2991 888 3056 horrore
909 2992 940 3055 et
960 2992 1107 3071 tremore,
1131 3011 1167 3057 ac
1187 2992 1213 3056 si
1228 2994 1299 3057 ante
1313 2991 1415 3076 angeli
1429 2991 1538 3081 taber·¹

408 3093 554 3158 naculum
569 3095 730 3159 mandatas
745 3095 886 3159 excubias
901 3095 1095 3173 duceremus,
1112 3113 1182 3159 cum
1197 3087 1321 3176 qudem
1335 3113 1405 3172 nos,
1428 3094 1531 3159 clauso

410 3197 536 3260 cellulae
551 3214 622 3261 suae
637 3197 731 3275 ostie,
747 3197 792 3261 ibi
806 3215 871 3261 esse
884 3197 1023 3262 nesciret.
1045 3197 1169 3262 interim
1184 3196 1432 3279 conloquentium
1446 3215 1532 3260 mur·
1544 3201 1562 3256 2

411 3318 481 3363 mur
495 3299 637 3363 audimus
652 3301 684 3364 et
698 3316 768 3363 mcx
782 3299 904 3364 herrore
919 3300 1052 3381 quedam
1067 3299 1343 3365 circumfundimur
1353 3318 1389 3363 ac
1399 3299 1531 3380 stupore,

464 3539 480 3594 1
499 3538 715 3608 qualemcumque
736 3538 792 3592 cod.
819 3538 921 3593 Verstc‘c'
974 3537 1159 3594 serrantium
1180 3534 1210 3591 F
1229 3538 1241 3604 ΙΙ
1263 3537 1311 3590 hoc
1336 3539 1370 3591 V:
1389 3536 1438 3590 hec
1459 3535 1530 3589 alius

412 3624 484 3678 Am
553 3623 571 3680 6
590 3623 811 3677 anathemandam
835 3624 870 3677 V:
898 3622 1174 3677 anathematizandam
1194 3623 1281 3691 Asa·
1300 3624 1335 3689 cf.
1358 3622 1471 3677 Salmas.
1495 3621 1557 3676 od¹

415 3709 528 3764 Tertull.
546 3709 580 3763 de
596 3710 684 3778 pallio
697 3726 726 3777 p.
740 3711 798 3763 225
841 3708 859 3765 9
878 3708 1047 3762 discumbunt
1072 3709 1098 3762 V
1116 3714 1142 3762 et
1154 3709 1209 3763 ced.
1236 3710 1352 3764 Verstc'c‘:
1376 3707 1535 3762 accumbunt

413 3795 485 3849 Are
555 3795 592 3851 12
609 3794 735 3848 fedilibus
760 3795 787 3849 V
805 3797 817 3863 Η
841 3794 990 3847 satisfaciet
1010 3794 1104 3848 ABF:
1132 3793 1267 3848 satisfacit
1291 3795 1329 3862 V,
1347 3794 1500 3848 satisfaciat
1519 3810 1537 3850 c

466 3879 502 3936 16
520 3881 755 3949 frequentauerunt
775 3881 816 3948 B,
835 3879 1020 3933 uisitaruntA
1091 3878 1127 3936 18
1146 3879 1195 3934 hoc
1211 3880 1246 3934 V:
1265 3879 1293 3934 id
1305 3880 1377 3935 AFo
1399 3882 1411 3948 ΙΙ
1434 3879 1537 3949 Sulpici

417 3967 479 4021 Vct
490 3966 546 4020 ced.
562 3967 644 4020 Lucii
655 3966 712 4034 (sed
728 3965 894 4036 Vsulpicii):
906 3965 1078 4019 Postumiana
1089 3965 1161 4020 AFe
1183 3968 1195 4033 ΙΙ
1217 3968 1245 4019 te
1261 3966 1296 4020 V:
1314 3965 1367 4020 tibi
1380 3967 1464 4033 AFc,
1482 3967 1536 4020 isto

413 4052 467 4106 tibi
478 4052 509 4105 F
517 4068 585 4106 cerr.
600 4052 647 4120 (al.
660 4054 687 4105 te
699 4058 764 4105 arcte
775 4053 845 4104 teste
857 4052 969 4118 lrabeat)
1047 4051 1083 4107 19
1101 4053 1171 4104 teste
1184 4052 1245 4104 BM
1248 4053 1282 4107 V:
1294 4054 1363 4105 teste
1375 4054 1446 4106 recte
1455 4051 1533 4107 Aue.

415 4139 483 4191 Post
502 4137 628 4206 perhibeo
640 4137 765 4191 additum
786 4143 825 4191 cst
845 4138 877 4190 c'ec
897 4153 982 4205 recep.
1001 4137 1199 4190 Vmeeccsoec.
1216 4137 1340 4192 IX-X:
1358 4138 1402 4192 hie
1422 4137 1535 4191 demitte

415 4239 497 4291 usque
519 4222 553 4277 ad
571 4223 648 4276 finem
666 4222 730 4276 libri
747 4222 834 4275 istius.
853 4221 882 4275 id
894 4223 935 4274 est
947 4221 1073 4290 usquead
1084 4238 1186 4276 crucem
1198 4226 1215 4290 †
1227 4225 1255 4276 et
1267 4226 1355 4276 notam
1369 4222 1535 4285 asteriscum,

415 4324 485 4377 poue
497 4315 564 4362 erote
575 4314 665 4362 exstat
676 4308 713 4362 cd
725 4308 824 4361 calcem
835 4307 933 4374 cupitis
945 4311 995 4374 14,-
1014 4307 1047 4360 de
1063 4324 1118 4376 poe
1135 4309 1314 4362 adnotatione
1326 4308 1359 4362 de
1371 4309 1459 4362 Proto
1470 4308 1537 4362 broc

416 4395 465 4448 boc
476 4395 596 4448 mearat:
610 4393 683 4448 Sace
692 4395 832 4447 Paulines
843 4394 901 4460 ipse
911 4393 959 4446 boc
969 4392 1077 4462 diolepc
1087 4410 1158 4462 quae
1168 4400 1321 4463 sequoretur
1333 4393 1425 4448 omnio
1438 4394 1536 4462 maisit,

417 4495 474 4534 core
483 4487 574 4534 tamea
580 4480 768 4546 Fortunatus,
781 4479 829 4547 qui
840 4479 926 4532 lecum
939 4478 973 4531 dc
981 4479 1153 4534 Antichristo
1165 4486 1274 4534 tanturm
1285 4480 1394 4534 selectio
1405 4479 1534 4534 inuoluit.

469 4564 508 4621 20
525 4565 599 4618 illius
612 4565 698 4619 oruV
748 4565 785 4620 21
804 4564 995 4635 honereAFQ
1042 4565 1080 4620 22
1092 4565 1226 4619 mandatis
1238 4565 1268 4618 F
1274 4581 1319 4633 pr.
1331 4581 1364 4618 m.
1383 4566 1395 4633 ΙΙ
1411 4565 1535 4619 ncsBV:

415 4657 478 4719 post
490 4651 559 4704 ostie
570 4651 671 4705 lrabeat
680 4651 751 4705 AFe
773 4651 786 4718 11
808 4649 910 4703 clauses
923 4651 950 4704 V
998 4650 1037 4706 24
1055 4651 1285 4706 audimusBMV:
1302 4649 1452 4705 audiuimus
1464 4651 1538 4707 Ano

430 4737 443 4804 Η
462 4736 567 4790 horrere
576 4737 607 4790 F
607 4752 651 4806 pr.
662 4752 695 4790 m.
714 4737 726 4804 ΙΙ
742 4751 772 4790 ac
784 4737 890 4805 stupore
903 4735 939 4791 V:
951 4752 982 4790 ac
993 4735 1207 4806 obstupescentes
1215 4735 1282 4802 AF,
1296 4752 1327 4790 ac
1338 4736 1508 4805 obstupentes
1520 4753 1537 4792 c

1269 4821 1338 4888 13*
