3834 5634
422 697 483 764 104
828 647 984 768 ΙδιιΙῙήοίἰ
1001 697 1117 751 Seueri

370 855 407 918 51
463 851 606 918 (letarum
620 852 758 918 Ithacius
773 854 899 932 uidens,
922 872 1016 935 quam
1037 854 1224 920 inuidiosum
1247 855 1307 920 sibi
1327 854 1408 938 apud
1423 853 1540 936 episco-

419 973 475 1039 pos
489 953 582 1032 foret,
599 955 625 1019 si
641 958 799 1021 accusator
814 957 909 1021 etiam
923 957 1088 1039 postremis
1102 976 1205 1022 rerum
1220 959 1401 1041 capitalium
1416 956 1541 1022 iudiciis

420 1056 573 1124 astitisset
588 1095 628 1102 -
644 1058 759 1122 etenim
772 1059 880 1124 iterari
899 1060 1048 1125 iudicium
1062 1078 1184 1125 necasse
1199 1064 1266 1126 erat
1281 1099 1322 1106 -
1337 1059 1494 1126 subtrahit
1509 1077 1541 1123 se

392 1160 601 1245 aoognitioni,
616 1160 732 1226 frustra
746 1162 876 1227 callidus
890 1163 954 1227 iam
969 1163 1081 1227 scelera
1095 1162 1238 1245 perfecto.
1263 1183 1298 1229 ac
1321 1167 1390 1229 tum
1404 1182 1459 1245 per
1472 1161 1542 1226 Ma·

419 1261 538 1327 nimum
553 1265 712 1329 accusator
726 1265 889 1346 apponitur
903 1265 1058 1330 Patricius
1073 1266 1209 1346 quidam,
1224 1266 1291 1331 fisci
1316 1268 1472 1349 patronus.
1496 1265 1543 1328 ita
1565 1294 1577 1332 s

420 1384 455 1430 eo
469 1365 630 1431 insistente
644 1366 857 1432 Priscillianus
871 1367 983 1450 capitis
998 1368 1162 1433 damnatus
1182 1371 1243 1447 est,
1267 1388 1386 1450 unaque
1412 1388 1483 1432 cum
1508 1386 1543 1432 eo

419 1467 630 1533 Felicissimus
653 1470 684 1534 et
705 1467 886 1548 Armenius,
909 1471 962 1552 qui
983 1491 1081 1553 nuper
1102 1491 1120 1535 a
1142 1472 1318 1549 catholicis,
1349 1491 1420 1537 cum
1442 1473 1544 1536 essent

391 1569 539 1649 aclerici,
561 1571 792 1637 Priscillianum
806 1571 909 1656 {secuti
929 1574 1130 1639 desciuerant.
1159 1575 1362 1640 Latronianus
1378 1575 1544 1655 quoquest

420 1674 587 1739 lluchrotia
612 1675 716 1758 gladio
740 1677 900 1757 perempti.
930 1676 1117 1755 Instantius,
1144 1696 1235 1758 quem
1253 1678 1393 1760 superius
1415 1676 1453 1741 ab
1478 1676 1543 1759 epi-

424 1777 523 1860 seopis
538 1777 720 1842 damnatum
735 1778 884 1856 dimmus,
907 1780 940 1846 in
966 1779 1156 1862 Sylinancim
1181 1780 1333 1858 insulam,
1356 1799 1434 1861 quae
1459 1779 1545 1844 ultra
1554 1798 1580 1837 ιο

393 1879 598 1949 4Britannias
624 1880 684 1945 sita
705 1881 766 1958 est,
789 1882 977 1964 deportatus.
1001 1883 1082 1947 itum
1097 1884 1206 1947 deinde
1219 1883 1253 1947 in
1267 1883 1400 1964 reliquos
1415 1901 1545 1964 sequen·

421 1981 505 2046 tibus
519 1981 651 2059 iudiciis,
667 1982 864 2064 damnatique
884 1984 1035 2049 Asariuus
1050 1987 1082 2049 et
1096 1985 1242 2050 Aurelius
1264 1986 1408 2051 diaconus
1430 1986 1545 2069 gladio,

422 2083 603 2150 Tiberianus
635 2084 788 2168 ademptis
819 2085 906 2152 bonis
928 2088 962 2152 in
988 2085 1176 2170 Sylinancim
1195 2088 1331 2152 insulam
1345 2088 1445 2153 datus.
1471 2087 1546 2150 'Per-

422 2187 535 2265 tullus‚
563 2188 724 2253 Potamius
754 2192 785 2254 et
799 2189 964 2268 lohannes,
994 2192 1155 2271 tamquam
1181 2191 1306 2256 uiliores
1340 2208 1487 2273 personae
1514 2190 1546 2253 ot

422 2291 507 2374 digni
522 2292 744 2370 misericordia,
769 2293 841 2373 quia
855 2288 1152 2374 ante'quaestionem
1172 2313 1204 2357 se
1223 2311 1259 2358 ac
1281 2294 1377 2358 socios
1392 2292 1581 2376 predicis-1⁵

393 2395 505 2472 asent,
527 2395 712 2476 temporario
733 2395 822 2460 exilio
842 2396 925 2460 intra
939 2395 1058 2461 Gallias
1073 2396 1211 2479 relegati.
1235 2396 1292 2461 hoc
1307 2395 1371 2460 fere
1385 2395 1475 2460 modo
1490 2395 1547 2459 ho-

422 2497 520 2562 mines
535 2498 602 2562 luce
616 2499 825 2581 indignissimi
838 2499 972 2581 pessimo
993 2499 1130 2581 exemplo
1149 2499 1250 2563 necati
1272 2500 1327 2563 aut
1349 2498 1449 2562 exiliis
1463 2498 1547 2561 mul-

422 2600 499 2664 tati:
535 2602 616 2681 quod
630 2601 720 2666 initio
736 2602 804 2666 iure
830 2601 1015 2666 iudiciorum
1041 2603 1072 2666 et
1098 2602 1221 2685 egregio
1245 2601 1368 2684 publico
1391 2600 1551 2665 defensum

421 2705 528 2786 postea
543 2703 680 2768 ithacius
691 2704 803 2787 iurgiis
818 2704 1019 2781 sollicitatus,
1048 2705 1087 2768 ad
1107 2706 1297 2786 postremum
1319 2704 1493 2781 conuictus,
1515 2703 1550 2767 in

424 2825 474 2872 eos
489 2805 701 2887 retorquebat,
725 2825 855 2887 quorum
876 2806 909 2869 id
924 2807 1072 2871 mandato
1086 2808 1118 2871 et
1133 2807 1269 2871 consiliis
1284 2806 1442 2883 effecerat3
1466 2806 1584 2871 sclusro

395 2909 528 2975 atamen
549 2909 686 2972 omnium
707 2909 882 2991 episcopatu
904 2909 1056 2973 detrusus.
1079 2928 1153 2973 nam
1173 2909 1323 2986 Ydaoius‚
1351 2909 1425 2973 licet
1444 2909 1548 2973 minue

423 3029 548 3087 nocens,
571 3012 679 3092 sponte
704 3029 736 3074 se
762 3011 939 3093 episcopatu
965 3011 1176 3076 abdicauerat:
1199 3012 1353 3093 sapienter
1367 3010 1400 3075 id
1415 3013 1447 3075 et
1461 3029 1549 3075 uere-

397 3113 535 3190 acunde,
558 3113 618 3176 nisi
632 3114 739 3195 postea
753 3115 901 3178 amissum
927 3114 1030 3178 locum
1045 3117 1181 3195 repetere
1196 3116 1388 3196 temptasset.
1412 3116 1550 3179 ceterum

424 3215 618 3280 Priscilliano
633 3216 745 3294 occiso,
772 3235 833 3281 non
857 3216 958 3281 solum
984 3236 1043 3281 nou
1069 3235 1205 3299 repressa
1226 3219 1273 3282 est
1298 3216 1448 3295 haeresis,
1471 3235 1550 3297 quae

425 3317 480 3383 illo
509 3321 632 3383 auctore
661 3321 859 3401 proruperat,
883 3319 935 3383 sed
966 3318 1146 3383 confirmata
1167 3319 1262 3384 latius
1291 3321 1463 3402 propagata
1491 3320 1586 3383 estas

423 3441 556 3502 namque
570 3422 735 3486 sectatores
751 3422 831 3499 eius,
853 3422 992 3503 quicum
1007 3422 1093 3503 prius
1107 3423 1143 3486 ut
1159 3423 1300 3487 sanctum
1314 3422 1549 3499 honorauerant,

396 3526 530 3608 apostea
555 3527 591 3589 ut
616 3526 785 3607 martyrem
811 3524 909 3588 colere
929 3526 1104 3605 coeperunt.¹
1127 3525 1355 3606 peremptomm
1370 3542 1496 3606 corpora
1510 3523 1551 3588 ad

424 3627 590 3710 Hispanias
616 3627 714 3692 relata
738 3627 919 3710 magnisque
945 3626 1098 3707 obsequiis
1124 3626 1277 3691 celebrata
1304 3645 1409 3690 eorum
1424 3625 1551 3690 funera:

477 3885 495 3940 2
514 3887 649 3938 accusator
662 3886 701 3938 P:
720 3883 870 3938 accusatob
923 3879 1075 3937 arellium
1093 3880 1127 3946 P,
1146 3884 1178 3931 at
1190 3878 1259 3932 coni.
1274 3879 1415 3946 Bernays:
1435 3875 1551 3930 calidob

437 3973 449 4038 ΙΙ
472 3973 533 4024 actu
546 3972 585 4037 P,
603 3970 641 4023 At
651 3970 743 4024 tumb
816 3965 1102 4024 lcumessentom.b
1179 3963 1217 4019 10
1235 3962 1367 4032 sylinanci
1380 3961 1497 4014 insulam
1509 3962 1551 4016 P:

426 4057 545 4126 Sylinam
557 4057 672 4110 insulam
684 4056 713 4118 b;
722 4055 809 4122 poulo
821 4055 901 4120 infra
910 4054 937 4105 P
948 4054 1012 4106 item
1020 4052 1100 4106 babet
1109 4050 1242 4119 sylinanci
1296 4049 1331 4104 11
1344 4048 1495 4102 britannias
1508 4049 1550 4102 P:

427 4143 597 4196 Britanniam
609 4143 644 4209 b,·
657 4142 692 4207 cf.
707 4141 749 4208 Π,
762 4144 807 4208 46,
820 4143 838 4192 3
901 4139 936 4194 12
956 4137 1078 4191 asariuus
1091 4138 1118 4190 P
1129 4136 1199 4203 (noa
1212 4134 1367 4203 asaricius):
1386 4133 1516 4187 Asarinus
1535 4133 1551 4186 b

479 4229 515 4285 13
533 4229 636 4282 delatus
653 4226 820 4292 Vallarsc‘cs;
833 4231 864 4278 ot
881 4226 915 4291 cf.
930 4225 973 4291 H,
986 4227 1032 4290 39,
1055 4227 1071 4276 7
1091 4221 1189 4274 dantur
1209 4220 1288 4273 exilio
1310 4225 1335 4273 et
1348 4220 1390 4287 H,
1407 4223 1428 4286 l,
1440 4222 1457 4272 6
1469 4217 1552 4271 morti

427 4314 561 4368 dedissent
614 4311 650 4368 16
662 4311 781 4365 homines
797 4310 862 4363 licet
872 4310 931 4363 lucc
943 4310 1072 4376 Bercaqs
1080 4324 1109 4375 p.
1123 4311 1159 4360 18
1170 4324 1198 4360 ra.
1212 4309 1258 4360 82.
1313 4304 1350 4360 19
1365 4303 1461 4373 iurgiis
1475 4302 1551 4357 solli-

425 4400 525 4454 citatus
538 4401 681 4467 Beraopo:
704 4397 733 4449 in
745 4396 841 4465 iurgiis
854 4395 949 4448 solitus
962 4395 1014 4462 Pb,
1032 4395 1096 4460 fort.
1109 4391 1207 4460 iurgiis
1220 4391 1352 4444 sollicitus
1370 4392 1405 4456 cf.
1420 4390 1461 4456 H,
1474 4392 1518 4456 18,
1533 4391 1552 4441 3

477 4485 514 4541 21
533 4501 594 4538 nam
614 4482 719 4537 Idacius
741 4481 887 4550 Sipoatae:
905 4479 1048 4550 naydatius
1061 4481 1104 4546 (ct
1116 4485 1207 4532 tamea
1219 4477 1301 4531 etiam
1312 4474 1451 4528 nardatius
1463 4475 1552 4542 tepere

422 4571 527 4638 possae,
556 4569 669 4638 scirpula
691 4584 773 4635 saper
796 4583 830 4619 na
854 4568 945 4633 crasa)
967 4567 1008 4628 P,
1036 4563 1219 4617 Nardaciusb
1293 4561 1331 4617 22
1349 4559 1505 4626 uerecundia
1524 4560 1553 4614 P

478 4656 516 4714 25
534 4657 597 4722 fort.
611 4653 765 4707 confirmata
777 4655 804 4705 et
816 4651 898 4705 latius
