<?xml version="1.0" encoding="UTF-8"?>
<!DOCTYPE html PUBLIC "-//W3C//DTD XHTML 1.0 Transitional//EN"
    "http://www.w3.org/TR/xhtml1/DTD/xhtml1-transitional.dtd">
<html xmlns="http://www.w3.org/1999/xhtml" xml:lang="en" lang="en">
 <head>
  <title>
</title>
<meta http-equiv="Content-Type" content="text/html;charset=utf-8" />
  <meta name='ocr-system' content='tesseract 3.04.00' />
  <meta name='ocr-capabilities' content='ocr_page ocr_carea ocr_par ocr_line ocrx_word'/>
</head>
<body>
  <div class='ocr_page' id='page_1' title='image "./sulpiciiseveril00sevegoog_0218.png"; bbox 0 0 3834 5634; ppageno 0'>
   <div class='ocr_carea' id='block_1_1' title="bbox 439 719 1136 789">
    <p class='ocr_par' dir='ltr' id='par_1_1' title="bbox 439 719 1136 789">
     <span class='ocr_line' id='line_1_1' title="bbox 439 719 1136 789; baseline -0.001 -15"><span class='ocrx_word' id='word_1_1' title='bbox 439 723 503 788; x_wconf 82' lang='lat'><strong>200</strong></span> <span class='ocrx_word' id='word_1_2' title='bbox 857 719 1004 789; x_wconf 82' lang='lat' dir='ltr'><strong>Sulpicii</strong></span> <span class='ocrx_word' id='word_1_3' title='bbox 1022 721 1136 775; x_wconf 85' lang='lat' dir='ltr'><strong>Seueri</strong></span> 
     </span>
    </p>
   </div>
   <div class='ocr_carea' id='block_1_2' title="bbox 406 872 1595 2711">
    <p class='ocr_par' dir='ltr' id='par_1_2' title="bbox 406 872 1595 2711">
     <span class='ocr_line' id='line_1_2' title="bbox 481 872 1562 959; baseline -0.006 -19"><span class='ocrx_word' id='word_1_4' title='bbox 481 875 706 941; x_wconf 77' lang='lat' dir='ltr'><strong>Paterfamilias</strong></span> <span class='ocrx_word' id='word_1_5' title='bbox 731 877 858 959; x_wconf 89' lang='lat' dir='ltr'><strong>quidam</strong></span> <span class='ocrx_word' id='word_1_6' title='bbox 883 878 1106 942; x_wconf 86' lang='lat' dir='ltr'><strong>duodecennem</strong></span> <span class='ocrx_word' id='word_1_7' title='bbox 1130 876 1228 940; x_wconf 88' lang='lat' dir='ltr'><strong>filiam</strong></span> <span class='ocrx_word' id='word_1_8' title='bbox 1260 874 1297 938; x_wconf 88' lang='lat' dir='ltr'><strong>ab</strong></span> <span class='ocrx_word' id='word_1_9' title='bbox 1329 875 1414 937; x_wconf 84' lang='lat' dir='ltr'><strong>utero</strong></span> <span class='ocrx_word' id='word_1_10' title='bbox 1440 872 1562 935; x_wconf 90' lang='lat' dir='ltr'><strong>mutam</strong></span> 
     </span>
     <span class='ocr_line' id='line_1_3' title="bbox 438 973 1561 1064; baseline -0.007 -20"><span class='ocrx_word' id='word_1_11' title='bbox 438 979 571 1044; x_wconf 88' lang='lat' dir='ltr'><strong>Martino</strong></span> <span class='ocrx_word' id='word_1_12' title='bbox 592 979 691 1061; x_wconf 87' lang='lat' dir='ltr'><strong>coepit</strong></span> <span class='ocrx_word' id='word_1_13' title='bbox 713 979 840 1059; x_wconf 83' lang='lat' dir='ltr'><strong>offerre,</strong></span> <span class='ocrx_word' id='word_1_14' title='bbox 862 998 986 1063; x_wconf 87' lang='lat' dir='ltr'><strong>poscens</strong></span> <span class='ocrx_word' id='word_1_15' title='bbox 1006 982 1042 1045; x_wconf 91' lang='lat' dir='ltr'><strong>ut</strong></span> <span class='ocrx_word' id='word_1_16' title='bbox 1064 981 1203 1064; x_wconf 86' lang='lat' dir='ltr'><strong>linguam</strong></span> <span class='ocrx_word' id='word_1_17' title='bbox 1218 978 1348 1061; x_wconf 85' lang='lat' dir='ltr'><strong>ligatam</strong></span> <span class='ocrx_word' id='word_1_18' title='bbox 1363 974 1482 1040; x_wconf 89' lang='lat' dir='ltr'><strong>meritis</strong></span> <span class='ocrx_word' id='word_1_19' title='bbox 1498 973 1561 1036; x_wconf 91' lang='lat' dir='ltr'><strong>suis</strong></span> 
     </span>
     <span class='ocr_line' id='line_1_4' title="bbox 409 1074 1561 1164; baseline -0.008 -16"><span class='ocrx_word' id='word_1_20' title='bbox 409 1082 550 1148; x_wconf 86' lang='lat' dir='ltr'><strong>4sauctis</strong></span> <span class='ocrx_word' id='word_1_21' title='bbox 576 1082 626 1147; x_wconf 93' lang='lat' dir='ltr'><strong>uir</strong></span> <span class='ocrx_word' id='word_1_22' title='bbox 639 1082 746 1147; x_wconf 89' lang='lat' dir='ltr'><strong>beatus</strong></span> <span class='ocrx_word' id='word_1_23' title='bbox 764 1083 904 1148; x_wconf 89' lang='lat' dir='ltr'><strong>solueret.</strong></span> <span class='ocrx_word' id='word_1_24' title='bbox 927 1083 980 1147; x_wconf 91' lang='lat' dir='ltr'><strong>ille</strong></span> <span class='ocrx_word' id='word_1_25' title='bbox 1001 1083 1108 1148; x_wconf 84' lang='lat' dir='ltr'><strong>cadens</strong></span> <span class='ocrx_word' id='word_1_26' title='bbox 1123 1081 1287 1164; x_wconf 80' lang='lat' dir='ltr'><strong>episcopis,</strong></span> <span class='ocrx_word' id='word_1_27' title='bbox 1309 1078 1364 1162; x_wconf 89' lang='lat' dir='ltr'><strong>qui</strong></span> <span class='ocrx_word' id='word_1_28' title='bbox 1387 1079 1458 1142; x_wconf 91' lang='lat' dir='ltr'><strong>tum</strong></span> <span class='ocrx_word' id='word_1_29' title='bbox 1483 1074 1561 1139; x_wconf 87' lang='lat' dir='ltr'><strong>forte</strong></span> 
     </span>
     <span class='ocr_line' id='line_1_5' title="bbox 438 1181 1560 1267; baseline -0.006 -17"><span class='ocrx_word' id='word_1_30' title='bbox 438 1186 520 1250; x_wconf 87' lang='lat' dir='ltr'><strong>latus</strong></span> <span class='ocrx_word' id='word_1_31' title='bbox 545 1185 631 1249; x_wconf 88' lang='lat' dir='ltr'><strong>illius</strong></span> <span class='ocrx_word' id='word_1_32' title='bbox 656 1185 846 1264; x_wconf 78' lang='lat' dir='ltr'><strong>ambiebant,</strong></span> <span class='ocrx_word' id='word_1_33' title='bbox 870 1185 1032 1251; x_wconf 79' lang='lat' dir='ltr'><strong>Valentino</strong></span> <span class='ocrx_word' id='word_1_34' title='bbox 1058 1187 1156 1267; x_wconf 89' lang='lat' dir='ltr'><strong>adque</strong></span> <span class='ocrx_word' id='word_1_35' title='bbox 1181 1182 1344 1261; x_wconf 86' lang='lat' dir='ltr'><strong>Victrioio‚</strong></span> <span class='ocrx_word' id='word_1_36' title='bbox 1367 1181 1504 1262; x_wconf 88' lang='lat' dir='ltr'><strong>inparem</strong></span> <span class='ocrx_word' id='word_1_37' title='bbox 1529 1196 1560 1242; x_wconf 89' lang='lat' dir='ltr'><strong>se</strong></span> 
     </span>
     <span class='ocr_line' id='line_1_6' title="bbox 438 1281 1581 1372; baseline -0.007 -20"><span class='ocrx_word' id='word_1_38' title='bbox 438 1306 502 1352; x_wconf 89' lang='lat' dir='ltr'><strong>esso</strong></span> <span class='ocrx_word' id='word_1_39' title='bbox 516 1289 620 1353; x_wconf 88' lang='lat' dir='ltr'><strong>tantae</strong></span> <span class='ocrx_word' id='word_1_40' title='bbox 634 1288 724 1366; x_wconf 86' lang='lat' dir='ltr'><strong>moli,</strong></span> <span class='ocrx_word' id='word_1_41' title='bbox 748 1289 800 1352; x_wconf 89' lang='lat' dir='ltr'><strong>sed</strong></span> <span class='ocrx_word' id='word_1_42' title='bbox 823 1289 887 1353; x_wconf 89' lang='lat' dir='ltr'><strong>illis</strong></span> <span class='ocrx_word' id='word_1_43' title='bbox 901 1289 990 1372; x_wconf 88' lang='lat' dir='ltr'><strong>quasi</strong></span> <span class='ocrx_word' id='word_1_44' title='bbox 1005 1289 1207 1355; x_wconf 90' lang='lat' dir='ltr'><strong>sanctioribus</strong></span> <span class='ocrx_word' id='word_1_45' title='bbox 1221 1286 1301 1352; x_wconf 90' lang='lat' dir='ltr'><strong>nihil</strong></span> <span class='ocrx_word' id='word_1_46' title='bbox 1316 1283 1494 1366; x_wconf 91' lang='lat' dir='ltr'><strong>inpossibile</strong></span> <span class='ocrx_word' id='word_1_47' title='bbox 1512 1281 1581 1346; x_wconf 70' lang='lat' dir='ltr'><strong>fas</strong></span> 
     </span>
     <span class='ocr_line' id='line_1_7' title="bbox 409 1385 1561 1473; baseline -0.009 -15"><span class='ocrx_word' id='word_1_48' title='bbox 409 1390 568 1460; x_wconf 79' lang='lat' dir='ltr'><strong>stobatur.</strong></span> <span class='ocrx_word' id='word_1_49' title='bbox 592 1392 625 1454; x_wconf 89' lang='lat' dir='ltr'><strong>at</strong></span> <span class='ocrx_word' id='word_1_50' title='bbox 639 1391 687 1454; x_wconf 93' lang='lat' dir='ltr'><strong>illi</strong></span> <span class='ocrx_word' id='word_1_51' title='bbox 701 1391 768 1472; x_wconf 88' lang='lat' dir='ltr'><strong>pias</strong></span> <span class='ocrx_word' id='word_1_52' title='bbox 782 1410 883 1473; x_wconf 91' lang='lat' dir='ltr'><strong>preces</strong></span> <span class='ocrx_word' id='word_1_53' title='bbox 898 1411 959 1456; x_wconf 92' lang='lat' dir='ltr'><strong>una</strong></span> <span class='ocrx_word' id='word_1_54' title='bbox 980 1411 1050 1456; x_wconf 92' lang='lat' dir='ltr'><strong>oum</strong></span> <span class='ocrx_word' id='word_1_55' title='bbox 1071 1393 1156 1473; x_wconf 90' lang='lat' dir='ltr'><strong>patro</strong></span> <span class='ocrx_word' id='word_1_56' title='bbox 1167 1389 1298 1471; x_wconf 89' lang='lat' dir='ltr'><strong>supplici</strong></span> <span class='ocrx_word' id='word_1_57' title='bbox 1312 1405 1386 1452; x_wconf 89' lang='lat' dir='ltr'><strong>uoce</strong></span> <span class='ocrx_word' id='word_1_58' title='bbox 1400 1385 1561 1470; x_wconf 89' lang='lat' dir='ltr'><strong>iungentes</strong></span> 
     </span>
     <span class='ocr_line' id='line_1_8' title="bbox 437 1489 1560 1576; baseline -0.005 -19"><span class='ocrx_word' id='word_1_59' title='bbox 437 1511 521 1558; x_wconf 88' lang='lat' dir='ltr'><strong>orare</strong></span> <span class='ocrx_word' id='word_1_60' title='bbox 546 1493 717 1558; x_wconf 87' lang='lat' dir='ltr'><strong>Martinum</strong></span> <span class='ocrx_word' id='word_1_61' title='bbox 744 1495 780 1558; x_wconf 93' lang='lat' dir='ltr'><strong>ut</strong></span> <span class='ocrx_word' id='word_1_62' title='bbox 804 1496 923 1576; x_wconf 90' lang='lat' dir='ltr'><strong>sperata</strong></span> <span class='ocrx_word' id='word_1_63' title='bbox 948 1496 1125 1576; x_wconf 81' lang='lat' dir='ltr'><strong>praestaret.</strong></span> <span class='ocrx_word' id='word_1_64' title='bbox 1159 1511 1214 1558; x_wconf 91' lang='lat' dir='ltr'><strong>noo</strong></span> <span class='ocrx_word' id='word_1_65' title='bbox 1240 1492 1399 1556; x_wconf 88' lang='lat' dir='ltr'><strong>cunctatus</strong></span> <span class='ocrx_word' id='word_1_66' title='bbox 1425 1489 1560 1552; x_wconf 90' lang='lat' dir='ltr'><strong>ultra—-</strong></span> 
     </span>
     <span class='ocr_line' id='line_1_9' title="bbox 437 1591 1561 1677; baseline -0.004 -18"><span class='ocrx_word' id='word_1_67' title='bbox 437 1597 601 1677; x_wconf 91' lang='lat' dir='ltr'><strong>utrumque</strong></span> <span class='ocrx_word' id='word_1_68' title='bbox 615 1596 818 1677; x_wconf 86' lang='lat' dir='ltr'><strong>praeclarum,</strong></span> <span class='ocrx_word' id='word_1_69' title='bbox 841 1598 873 1661; x_wconf 92' lang='lat' dir='ltr'><strong>et</strong></span> <span class='ocrx_word' id='word_1_70' title='bbox 887 1598 1071 1662; x_wconf 89' lang='lat' dir='ltr'><strong>ostendendo</strong></span> <span class='ocrx_word' id='word_1_71' title='bbox 1090 1596 1301 1661; x_wconf 88' lang='lat' dir='ltr'><strong>humilitatem</strong></span> <span class='ocrx_word' id='word_1_72' title='bbox 1321 1611 1376 1658; x_wconf 91' lang='lat' dir='ltr'><strong>neo</strong></span> <span class='ocrx_word' id='word_1_73' title='bbox 1396 1591 1561 1656; x_wconf 87' lang='lat' dir='ltr'><strong>differendo</strong></span> 
     </span>
     <span class='ocr_line' id='line_1_10' title="bbox 436 1693 1560 1789; baseline -0.004 -27"><span class='ocrx_word' id='word_1_74' title='bbox 436 1698 583 1779; x_wconf 85' lang='lat' dir='ltr'><strong>pietatem</strong></span> <span class='ocrx_word' id='word_1_75' title='bbox 595 1736 635 1746; x_wconf 78' lang='grc'><strong>-</strong></span> <span class='ocrx_word' id='word_1_76' title='bbox 646 1699 733 1763; x_wconf 92' lang='lat' dir='ltr'><strong>iubet</strong></span> <span class='ocrx_word' id='word_1_77' title='bbox 757 1699 984 1765; x_wconf 89' lang='lat' dir='ltr'><strong>circumstantis</strong></span> <span class='ocrx_word' id='word_1_78' title='bbox 999 1700 1104 1789; x_wconf 84' lang='lat' dir='ltr'><strong>populi</strong></span> <span class='ocrx_word' id='word_1_79' title='bbox 1122 1698 1356 1764; x_wconf 88' lang='lat' dir='ltr'><strong>multitudinem</strong></span> <span class='ocrx_word' id='word_1_80' title='bbox 1370 1693 1560 1759; x_wconf 85' lang='lat' dir='ltr'><strong>submoueri:</strong></span> 
     </span>
     <span class='ocr_line' id='line_1_11' title="bbox 437 1799 1595 1884; baseline -0.005 -20"><span class='ocrx_word' id='word_1_81' title='bbox 437 1801 584 1882; x_wconf 90' lang='lat' dir='ltr'><strong>episcopis</strong></span> <span class='ocrx_word' id='word_1_82' title='bbox 604 1802 727 1866; x_wconf 91' lang='lat' dir='ltr'><strong>tantum</strong></span> <span class='ocrx_word' id='word_1_83' title='bbox 747 1803 779 1866; x_wconf 89' lang='lat' dir='ltr'><strong>et</strong></span> <span class='ocrx_word' id='word_1_84' title='bbox 797 1803 916 1883; x_wconf 88' lang='lat' dir='ltr'><strong>puellae</strong></span> <span class='ocrx_word' id='word_1_85' title='bbox 936 1804 1022 1884; x_wconf 88' lang='lat' dir='ltr'><strong>patro</strong></span> <span class='ocrx_word' id='word_1_86' title='bbox 1042 1802 1261 1866; x_wconf 85' lang='lat' dir='ltr'><strong>adsistentibus</strong></span> <span class='ocrx_word' id='word_1_87' title='bbox 1275 1801 1309 1865; x_wconf 91' lang='lat' dir='ltr'><strong>in</strong></span> <span class='ocrx_word' id='word_1_88' title='bbox 1323 1799 1492 1864; x_wconf 88' lang='lat' dir='ltr'><strong>orationem</strong></span> <span class='ocrx_word' id='word_1_89' title='bbox 1506 1813 1561 1860; x_wconf 91' lang='lat' dir='ltr'><strong>suo</strong></span> <span class='ocrx_word' id='word_1_90' title='bbox 1570 1818 1595 1858; x_wconf 85' lang='grc' dir='ltr'><strong>ιο</strong></span> 
     </span>
     <span class='ocr_line' id='line_1_12' title="bbox 409 1901 1561 1986; baseline -0.004 -17"><span class='ocrx_word' id='word_1_91' title='bbox 409 1902 491 1969; x_wconf 78' lang='lat' dir='ltr'><strong>cillo</strong></span> <span class='ocrx_word' id='word_1_92' title='bbox 514 1921 597 1966; x_wconf 89' lang='lat' dir='ltr'><strong>more</strong></span> <span class='ocrx_word' id='word_1_93' title='bbox 622 1904 832 1984; x_wconf 88' lang='lat' dir='ltr'><strong>prosternitur.</strong></span> <span class='ocrx_word' id='word_1_94' title='bbox 856 1905 926 1969; x_wconf 92' lang='lat' dir='ltr'><strong>dein</strong></span> <span class='ocrx_word' id='word_1_95' title='bbox 951 1905 1101 1986; x_wconf 91' lang='lat' dir='ltr'><strong>pusillum</strong></span> <span class='ocrx_word' id='word_1_96' title='bbox 1122 1905 1181 1969; x_wconf 86' lang='lat' dir='ltr'><strong>olei</strong></span> <span class='ocrx_word' id='word_1_97' title='bbox 1202 1922 1273 1968; x_wconf 92' lang='lat' dir='ltr'><strong>cum</strong></span> <span class='ocrx_word' id='word_1_98' title='bbox 1294 1901 1452 1967; x_wconf 80' lang='lat' dir='ltr'><strong>exorcismi</strong></span> <span class='ocrx_word' id='word_1_99' title='bbox 1472 1917 1561 1982; x_wconf 87' lang='lat' dir='ltr'><strong>prae-</strong></span> 
     </span>
     <span class='ocr_line' id='line_1_13' title="bbox 439 2004 1559 2090; baseline 0 -22"><span class='ocrx_word' id='word_1_100' title='bbox 439 2004 552 2069; x_wconf 87' lang='lat' dir='ltr'><strong>fatione</strong></span> <span class='ocrx_word' id='word_1_101' title='bbox 566 2005 733 2084; x_wconf 86' lang='lat' dir='ltr'><strong>benedicit,</strong></span> <span class='ocrx_word' id='word_1_102' title='bbox 757 2007 855 2089; x_wconf 88' lang='lat' dir='ltr'><strong>adque</strong></span> <span class='ocrx_word' id='word_1_103' title='bbox 868 2008 914 2072; x_wconf 91' lang='lat' dir='ltr'><strong>ita</strong></span> <span class='ocrx_word' id='word_1_104' title='bbox 927 2009 961 2072; x_wconf 94' lang='lat' dir='ltr'><strong>in</strong></span> <span class='ocrx_word' id='word_1_105' title='bbox 975 2027 1009 2071; x_wconf 95' lang='lat' dir='ltr'><strong>os</strong></span> <span class='ocrx_word' id='word_1_106' title='bbox 1024 2008 1143 2090; x_wconf 91' lang='lat' dir='ltr'><strong>puellae</strong></span> <span class='ocrx_word' id='word_1_107' title='bbox 1158 2007 1384 2072; x_wconf 91' lang='lat' dir='ltr'><strong>sanctificatum</strong></span> <span class='ocrx_word' id='word_1_108' title='bbox 1398 2005 1559 2087; x_wconf 81' lang='lat' dir='ltr'><strong>liquorem,</strong></span> 
     </span>
     <span class='ocr_line' id='line_1_14' title="bbox 409 2108 1561 2194; baseline -0.001 -23"><span class='ocrx_word' id='word_1_109' title='bbox 409 2127 425 2181; x_wconf 82' lang='lat'><strong>7</strong></span> <span class='ocrx_word' id='word_1_110' title='bbox 437 2126 508 2171; x_wconf 92' lang='lat' dir='ltr'><strong>cum</strong></span> <span class='ocrx_word' id='word_1_111' title='bbox 523 2109 554 2172; x_wconf 92' lang='lat' dir='ltr'><strong>et</strong></span> <span class='ocrx_word' id='word_1_112' title='bbox 568 2108 707 2193; x_wconf 89' lang='lat' dir='ltr'><strong>linguam</strong></span> <span class='ocrx_word' id='word_1_113' title='bbox 721 2109 806 2173; x_wconf 93' lang='lat' dir='ltr'><strong>illius</strong></span> <span class='ocrx_word' id='word_1_114' title='bbox 821 2110 929 2194; x_wconf 83' lang='lat' dir='ltr'><strong>digitis</strong></span> <span class='ocrx_word' id='word_1_115' title='bbox 944 2112 1075 2190; x_wconf 85' lang='lat' dir='ltr'><strong>teneret,</strong></span> <span class='ocrx_word' id='word_1_116' title='bbox 1090 2110 1215 2174; x_wconf 88' lang='lat' dir='ltr'><strong>infudit.</strong></span> <span class='ocrx_word' id='word_1_117' title='bbox 1231 2128 1286 2174; x_wconf 90' lang='lat' dir='ltr'><strong>nec</strong></span> <span class='ocrx_word' id='word_1_118' title='bbox 1297 2108 1409 2173; x_wconf 90' lang='lat' dir='ltr'><strong>fefellit</strong></span> <span class='ocrx_word' id='word_1_119' title='bbox 1420 2108 1561 2171; x_wconf 90' lang='lat' dir='ltr'><strong>sanctum</strong></span> 
     </span>
     <span class='ocr_line' id='line_1_15' title="bbox 436 2209 1559 2298; baseline -0.001 -24"><span class='ocrx_word' id='word_1_120' title='bbox 436 2210 562 2275; x_wconf 86' lang='lat' dir='ltr'><strong>uirtutis</strong></span> <span class='ocrx_word' id='word_1_121' title='bbox 588 2213 723 2276; x_wconf 87' lang='lat' dir='ltr'><strong>euentus.</strong></span> <span class='ocrx_word' id='word_1_122' title='bbox 747 2214 843 2295; x_wconf 89' lang='lat' dir='ltr'><strong>patris</strong></span> <span class='ocrx_word' id='word_1_123' title='bbox 869 2232 979 2279; x_wconf 89' lang='lat' dir='ltr'><strong>nomen</strong></span> <span class='ocrx_word' id='word_1_124' title='bbox 1004 2214 1188 2298; x_wconf 87' lang='lat' dir='ltr'><strong>interrogat:</strong></span> <span class='ocrx_word' id='word_1_125' title='bbox 1217 2231 1287 2277; x_wconf 83' lang='lat' dir='ltr'><strong>mox</strong></span> <span class='ocrx_word' id='word_1_126' title='bbox 1313 2212 1369 2276; x_wconf 93' lang='lat' dir='ltr'><strong>illa</strong></span> <span class='ocrx_word' id='word_1_127' title='bbox 1394 2209 1559 2293; x_wconf 88' lang='lat' dir='ltr'><strong>respondit.</strong></span> 
     </span>
     <span class='ocr_line' id='line_1_16' title="bbox 436 2314 1594 2401; baseline 0.002 -25"><span class='ocrx_word' id='word_1_128' title='bbox 436 2314 604 2395; x_wconf 86' lang='lat' dir='ltr'><strong>proclamat</strong></span> <span class='ocrx_word' id='word_1_129' title='bbox 628 2315 715 2397; x_wconf 87' lang='lat' dir='ltr'><strong>pater</strong></span> <span class='ocrx_word' id='word_1_130' title='bbox 740 2334 811 2381; x_wconf 93' lang='lat' dir='ltr'><strong>oum</strong></span> <span class='ocrx_word' id='word_1_131' title='bbox 835 2317 947 2401; x_wconf 92' lang='lat' dir='ltr'><strong>gaudio</strong></span> <span class='ocrx_word' id='word_1_132' title='bbox 973 2317 1087 2399; x_wconf 88' lang='lat' dir='ltr'><strong>pariter</strong></span> <span class='ocrx_word' id='word_1_133' title='bbox 1111 2317 1143 2381; x_wconf 92' lang='lat' dir='ltr'><strong>et</strong></span> <span class='ocrx_word' id='word_1_134' title='bbox 1168 2315 1305 2381; x_wconf 90' lang='lat' dir='ltr'><strong>lacrimis</strong></span> <span class='ocrx_word' id='word_1_135' title='bbox 1320 2314 1447 2379; x_wconf 86' lang='lat' dir='ltr'><strong>Martini</strong></span> <span class='ocrx_word' id='word_1_136' title='bbox 1462 2330 1594 2397; x_wconf 73' lang='lat' dir='ltr'><strong>genuam</strong></span> 
     </span>
     <span class='ocr_line' id='line_1_17' title="bbox 436 2415 1561 2500; baseline -0.002 -20"><span class='ocrx_word' id='word_1_137' title='bbox 436 2418 612 2498; x_wconf 80' lang='lat' dir='ltr'><strong>conplexus,</strong></span> <span class='ocrx_word' id='word_1_138' title='bbox 634 2419 666 2482; x_wconf 93' lang='lat' dir='ltr'><strong>et</strong></span> <span class='ocrx_word' id='word_1_139' title='bbox 691 2419 769 2483; x_wconf 87' lang='lat' dir='ltr'><strong>hanc</strong></span> <span class='ocrx_word' id='word_1_140' title='bbox 794 2420 926 2500; x_wconf 91' lang='lat' dir='ltr'><strong>primam</strong></span> <span class='ocrx_word' id='word_1_141' title='bbox 952 2438 984 2484; x_wconf 89' lang='lat' dir='ltr'><strong>se</strong></span> <span class='ocrx_word' id='word_1_142' title='bbox 1009 2420 1091 2489; x_wconf 90' lang='lat' dir='ltr'><strong>filiae</strong></span> <span class='ocrx_word' id='word_1_143' title='bbox 1106 2419 1226 2484; x_wconf 89' lang='lat' dir='ltr'><strong>audisse</strong></span> <span class='ocrx_word' id='word_1_144' title='bbox 1241 2436 1347 2482; x_wconf 90' lang='lat' dir='ltr'><strong>uocem</strong></span> <span class='ocrx_word' id='word_1_145' title='bbox 1362 2416 1480 2481; x_wconf 92' lang='lat' dir='ltr'><strong>cunctis</strong></span> <span class='ocrx_word' id='word_1_146' title='bbox 1494 2415 1561 2479; x_wconf 92' lang='lat' dir='ltr'><strong>stu-</strong></span> 
     </span>
     <span class='ocr_line' id='line_1_18' title="bbox 406 2519 1561 2605; baseline -0.002 -21"><span class='ocrx_word' id='word_1_147' title='bbox 406 2520 577 2601; x_wconf 72' lang='lat' dir='ltr'><strong>spentibus</strong></span> <span class='ocrx_word' id='word_1_148' title='bbox 603 2521 765 2587; x_wconf 86' lang='lat' dir='ltr'><strong>fatebatur.</strong></span> <span class='ocrx_word' id='word_1_149' title='bbox 789 2542 824 2586; x_wconf 92' lang='lat' dir='ltr'><strong>ac</strong></span> <span class='ocrx_word' id='word_1_150' title='bbox 844 2542 881 2587; x_wconf 88' lang='lat' dir='ltr'><strong>no</strong></span> <span class='ocrx_word' id='word_1_151' title='bbox 903 2524 1045 2605; x_wconf 89' lang='lat' dir='ltr'><strong>cuiquam</strong></span> <span class='ocrx_word' id='word_1_152' title='bbox 1072 2524 1103 2586; x_wconf 93' lang='lat' dir='ltr'><strong>id</strong></span> <span class='ocrx_word' id='word_1_153' title='bbox 1125 2522 1302 2587; x_wconf 82' lang='lat' dir='ltr'><strong>incredibile</strong></span> <span class='ocrx_word' id='word_1_154' title='bbox 1317 2520 1395 2585; x_wconf 86' lang='lat' dir='ltr'><strong>forto</strong></span> <span class='ocrx_word' id='word_1_155' title='bbox 1410 2519 1561 2596; x_wconf 84' lang='lat' dir='ltr'><strong>uideatur,</strong></span> 
     </span>
     <span class='ocr_line' id='line_1_19' title="bbox 433 2623 1563 2711; baseline -0.003 -24"><span class='ocrx_word' id='word_1_156' title='bbox 433 2623 592 2704; x_wconf 89' lang='lat' dir='ltr'><strong>perhibeat</strong></span> <span class='ocrx_word' id='word_1_157' title='bbox 616 2625 704 2689; x_wconf 91' lang='lat' dir='ltr'><strong>uobis</strong></span> <span class='ocrx_word' id='word_1_158' title='bbox 729 2645 870 2706; x_wconf 88' lang='lat' dir='ltr'><strong>praesens</strong></span> <span class='ocrx_word' id='word_1_159' title='bbox 895 2627 1048 2711; x_wconf 84' lang='lat' dir='ltr'><strong>Euagrius</strong></span> <span class='ocrx_word' id='word_1_160' title='bbox 1071 2625 1284 2690; x_wconf 87' lang='lat' dir='ltr'><strong>testimonium</strong></span> <span class='ocrx_word' id='word_1_161' title='bbox 1305 2623 1461 2687; x_wconf 86' lang='lat' dir='ltr'><strong>ueritatis:</strong></span> <span class='ocrx_word' id='word_1_162' title='bbox 1490 2640 1563 2686; x_wconf 91' lang='lat' dir='ltr'><strong>nam</strong></span> 
     </span>
    </p>
   </div>
   <div class='ocr_carea' id='block_1_3' title="bbox 436 2726 988 2812">
    <p class='ocr_par' dir='ltr' id='par_1_3' title="bbox 436 2726 988 2812">
     <span class='ocr_line' id='line_1_20' title="bbox 436 2726 988 2812; baseline 0.009 -23"><span class='ocrx_word' id='word_1_163' title='bbox 436 2744 485 2790; x_wconf 92' lang='lat' dir='ltr'><strong>res</strong></span> <span class='ocrx_word' id='word_1_164' title='bbox 498 2726 564 2807; x_wconf 89' lang='lat' dir='ltr'><strong>ipso</strong></span> <span class='ocrx_word' id='word_1_165' title='bbox 579 2729 734 2808; x_wconf 87' lang='lat' dir='ltr'><strong>praesente</strong></span> <span class='ocrx_word' id='word_1_166' title='bbox 748 2730 817 2793; x_wconf 91' lang='lat' dir='ltr'><strong>tum</strong></span> <span class='ocrx_word' id='word_1_167' title='bbox 832 2730 918 2812; x_wconf 87' lang='lat' dir='ltr'><strong>gesta</strong></span> <span class='ocrx_word' id='word_1_168' title='bbox 932 2731 988 2794; x_wconf 90' lang='lat' dir='ltr'><strong>est.</strong></span> 
     </span>
    </p>
   </div>
   <div class='ocr_carea' id='block_1_4' title="bbox 407 2828 1595 3530">
    <p class='ocr_par' dir='ltr' id='par_1_4' title="bbox 407 2828 1595 2915">
     <span class='ocr_line' id='line_1_21' title="bbox 407 2828 1595 2915; baseline -0.007 -19"><span class='ocrx_word' id='word_1_169' title='bbox 407 2834 426 2896; x_wconf 79' lang='lat'>3</span> <span class='ocrx_word' id='word_1_170' title='bbox 478 2829 615 2892; x_wconf 92' lang='lat' dir='ltr'><strong>Paruum</strong></span> <span class='ocrx_word' id='word_1_171' title='bbox 629 2829 708 2894; x_wconf 94' lang='lat' dir='ltr'><strong>illud</strong></span> <span class='ocrx_word' id='word_1_172' title='bbox 723 2831 778 2909; x_wconf 81' lang='lat' dir='ltr'><strong>est,</strong></span> <span class='ocrx_word' id='word_1_173' title='bbox 795 2832 875 2913; x_wconf 89' lang='lat' dir='ltr'><strong>quod</strong></span> <span class='ocrx_word' id='word_1_174' title='bbox 886 2851 982 2913; x_wconf 91' lang='lat' dir='ltr'><strong>nuper</strong></span> <span class='ocrx_word' id='word_1_175' title='bbox 988 2832 1123 2915; x_wconf 87' lang='lat' dir='ltr'><strong>Arpagio</strong></span> <span class='ocrx_word' id='word_1_176' title='bbox 1137 2832 1313 2914; x_wconf 88' lang='lat' dir='ltr'><strong>presbytero</strong></span> <span class='ocrx_word' id='word_1_177' title='bbox 1327 2828 1474 2893; x_wconf 86' lang='lat' dir='ltr'><strong>referente</strong></span> <span class='ocrx_word' id='word_1_178' title='bbox 1489 2845 1595 2911; x_wconf 80' lang='lat' dir='ltr'><strong>cog-ao</strong></span> 
     </span>
    </p>

    <p class='ocr_par' dir='ltr' id='par_1_5' title="bbox 407 2930 1594 3530">
     <span class='ocr_line' id='line_1_22' title="bbox 407 2930 1561 3014; baseline -0.006 -14"><span class='ocrx_word' id='word_1_179' title='bbox 407 2931 524 3008; x_wconf 80' lang='lat' dir='ltr'><strong>ononi,</strong></span> <span class='ocrx_word' id='word_1_180' title='bbox 548 2932 601 2994; x_wconf 89' lang='lat' dir='ltr'><strong>sod</strong></span> <span class='ocrx_word' id='word_1_181' title='bbox 626 2949 685 2996; x_wconf 90' lang='lat' dir='ltr'><strong>non</strong></span> <span class='ocrx_word' id='word_1_182' title='bbox 710 2933 1016 3014; x_wconf 89' lang='lat' dir='ltr'><strong>praetermittendum</strong></span> <span class='ocrx_word' id='word_1_183' title='bbox 1037 2935 1168 2998; x_wconf 91' lang='lat' dir='ltr'><strong>uidetur.</strong></span> <span class='ocrx_word' id='word_1_184' title='bbox 1192 2932 1334 2997; x_wconf 83' lang='lat' dir='ltr'><strong>Auitiani</strong></span> <span class='ocrx_word' id='word_1_185' title='bbox 1348 2930 1471 2996; x_wconf 90' lang='lat' dir='ltr'><strong>comitis</strong></span> <span class='ocrx_word' id='word_1_186' title='bbox 1486 2946 1561 2994; x_wconf 83' lang='lat' dir='ltr'><strong>uxo-</strong></span> 
     </span>
     <span class='ocr_line' id='line_1_23' title="bbox 435 3032 1562 3119; baseline 0.001 -24"><span class='ocrx_word' id='word_1_187' title='bbox 435 3050 501 3096; x_wconf 90' lang='lat' dir='ltr'><strong>rem</strong></span> <span class='ocrx_word' id='word_1_188' title='bbox 520 3032 641 3097; x_wconf 89' lang='lat' dir='ltr'><strong>misisse</strong></span> <span class='ocrx_word' id='word_1_189' title='bbox 666 3033 799 3099; x_wconf 86' lang='lat' dir='ltr'><strong>Mertino</strong></span> <span class='ocrx_word' id='word_1_190' title='bbox 824 3036 941 3115; x_wconf 86' lang='lat' dir='ltr'><strong>oleum,</strong></span> <span class='ocrx_word' id='word_1_191' title='bbox 965 3037 1046 3119; x_wconf 90' lang='lat' dir='ltr'><strong>quod</strong></span> <span class='ocrx_word' id='word_1_192' title='bbox 1060 3037 1099 3101; x_wconf 87' lang='lat' dir='ltr'><strong>ad</strong></span> <span class='ocrx_word' id='word_1_193' title='bbox 1114 3037 1250 3101; x_wconf 85' lang='lat' dir='ltr'><strong>diuersas</strong></span> <span class='ocrx_word' id='word_1_194' title='bbox 1264 3034 1441 3099; x_wconf 85' lang='lat' dir='ltr'><strong>morborum</strong></span> <span class='ocrx_word' id='word_1_195' title='bbox 1455 3050 1562 3097; x_wconf 87' lang='lat' dir='ltr'><strong>causas</strong></span> 
     </span>
     <span class='ocr_line' id='line_1_24' title="bbox 436 3136 1561 3219; baseline -0.001 -19"><span class='ocrx_word' id='word_1_196' title='bbox 436 3136 654 3215; x_wconf 79' lang='lat' dir='ltr'><strong>necessarium,</strong></span> <span class='ocrx_word' id='word_1_197' title='bbox 688 3137 770 3202; x_wconf 92' lang='lat' dir='ltr'><strong>siout</strong></span> <span class='ocrx_word' id='word_1_198' title='bbox 795 3140 841 3203; x_wconf 88' lang='lat' dir='ltr'><strong>est</strong></span> <span class='ocrx_word' id='word_1_199' title='bbox 867 3141 1066 3217; x_wconf 86' lang='lat' dir='ltr'><strong>consuetudo,</strong></span> <span class='ocrx_word' id='word_1_200' title='bbox 1089 3140 1294 3204; x_wconf 87' lang='lat' dir='ltr'><strong>benediceret:</strong></span> <span class='ocrx_word' id='word_1_201' title='bbox 1317 3138 1487 3219; x_wconf 88' lang='lat' dir='ltr'><strong>ampullam</strong></span> <span class='ocrx_word' id='word_1_202' title='bbox 1511 3136 1561 3200; x_wconf 92' lang='lat' dir='ltr'><strong>ui-</strong></span> 
     </span>
     <span class='ocr_line' id='line_1_25' title="bbox 435 3238 1561 3322; baseline 0.002 -20"><span class='ocrx_word' id='word_1_203' title='bbox 435 3239 534 3302; x_wconf 89' lang='lat' dir='ltr'><strong>tream</strong></span> <span class='ocrx_word' id='word_1_204' title='bbox 547 3238 724 3306; x_wconf 88' lang='lat' dir='ltr'><strong>istiusmodi</strong></span> <span class='ocrx_word' id='word_1_205' title='bbox 738 3240 847 3320; x_wconf 87' lang='lat' dir='ltr'><strong>fuisse,</strong></span> <span class='ocrx_word' id='word_1_206' title='bbox 870 3243 906 3305; x_wconf 89' lang='lat' dir='ltr'><strong>ut</strong></span> <span class='ocrx_word' id='word_1_207' title='bbox 920 3243 1051 3308; x_wconf 90' lang='lat' dir='ltr'><strong>rotunda</strong></span> <span class='ocrx_word' id='word_1_208' title='bbox 1064 3243 1098 3307; x_wconf 90' lang='lat' dir='ltr'><strong>in</strong></span> <span class='ocrx_word' id='word_1_209' title='bbox 1112 3243 1251 3308; x_wconf 89' lang='lat' dir='ltr'><strong>uentrem</strong></span> <span class='ocrx_word' id='word_1_210' title='bbox 1266 3242 1410 3306; x_wconf 87' lang='lat' dir='ltr'><strong>cresceret</strong></span> <span class='ocrx_word' id='word_1_211' title='bbox 1425 3259 1476 3305; x_wconf 91' lang='lat' dir='ltr'><strong>ore</strong></span> <span class='ocrx_word' id='word_1_212' title='bbox 1490 3257 1561 3322; x_wconf 92' lang='lat' dir='ltr'><strong>pro·</strong></span> 
     </span>
     <span class='ocr_line' id='line_1_26' title="bbox 435 3341 1594 3428; baseline -0.002 -23"><span class='ocrx_word' id='word_1_213' title='bbox 435 3341 541 3420; x_wconf 79' lang='lat' dir='ltr'><strong>ducto,</strong></span> <span class='ocrx_word' id='word_1_214' title='bbox 564 3343 617 3406; x_wconf 91' lang='lat' dir='ltr'><strong>sed</strong></span> <span class='ocrx_word' id='word_1_215' title='bbox 632 3344 692 3407; x_wconf 89' lang='lat' dir='ltr'><strong>oris</strong></span> <span class='ocrx_word' id='word_1_216' title='bbox 707 3345 838 3408; x_wconf 80' lang='lat' dir='ltr'><strong>extantia</strong></span> <span class='ocrx_word' id='word_1_217' title='bbox 853 3363 1020 3411; x_wconf 86' lang='lat' dir='ltr'><strong>concauum</strong></span> <span class='ocrx_word' id='word_1_218' title='bbox 1035 3364 1095 3411; x_wconf 92' lang='lat' dir='ltr'><strong>non</strong></span> <span class='ocrx_word' id='word_1_219' title='bbox 1108 3347 1275 3428; x_wconf 86' lang='lat' dir='ltr'><strong>repletum,</strong></span> <span class='ocrx_word' id='word_1_220' title='bbox 1298 3344 1370 3427; x_wconf 88' lang='lat' dir='ltr'><strong>quia</strong></span> <span class='ocrx_word' id='word_1_221' title='bbox 1395 3344 1441 3407; x_wconf 86' lang='lat' dir='ltr'><strong>ita</strong></span> <span class='ocrx_word' id='word_1_222' title='bbox 1465 3342 1560 3407; x_wconf 89' lang='lat' dir='ltr'><strong>moris</strong></span> <span class='ocrx_word' id='word_1_223' title='bbox 1569 3361 1594 3402; x_wconf 81' lang='lat' dir='ltr'><strong>a</strong></span> 
     </span>
     <span class='ocr_line' id='line_1_27' title="bbox 434 3445 1560 3530; baseline 0 -22"><span class='ocrx_word' id='word_1_224' title='bbox 434 3445 476 3509; x_wconf 93' lang='lat' dir='ltr'><strong>sit</strong></span> <span class='ocrx_word' id='word_1_225' title='bbox 500 3446 626 3510; x_wconf 89' lang='lat' dir='ltr'><strong>uascula</strong></span> <span class='ocrx_word' id='word_1_226' title='bbox 651 3447 802 3528; x_wconf 84' lang='lat' dir='ltr'><strong>conplere,</strong></span> <span class='ocrx_word' id='word_1_227' title='bbox 825 3448 861 3512; x_wconf 91' lang='lat' dir='ltr'><strong>ut</strong></span> <span class='ocrx_word' id='word_1_228' title='bbox 885 3468 955 3530; x_wconf 89' lang='lat' dir='ltr'><strong>pars</strong></span> <span class='ocrx_word' id='word_1_229' title='bbox 977 3468 1099 3513; x_wconf 91' lang='lat' dir='ltr'><strong>summa</strong></span> <span class='ocrx_word' id='word_1_230' title='bbox 1113 3449 1298 3513; x_wconf 90' lang='lat' dir='ltr'><strong>umbonibus</strong></span> <span class='ocrx_word' id='word_1_231' title='bbox 1313 3445 1505 3511; x_wconf 88' lang='lat' dir='ltr'><strong>obstruendis</strong></span> <span class='ocrx_word' id='word_1_232' title='bbox 1519 3445 1560 3508; x_wconf 91' lang='lat' dir='ltr'><strong>li-</strong></span> 
     </span>
    </p>
   </div>
   <div class='ocr_carea' id='block_1_5' title="bbox 429 3649 1565 4746">
    <p class='ocr_par' dir='ltr' id='par_1_6' title="bbox 434 3649 1562 3815">
     <span class='ocr_line' id='line_1_28' title="bbox 487 3649 1561 3721; baseline -0.002 -17"><span class='ocrx_word' id='word_1_233' title='bbox 487 3649 503 3704; x_wconf 86' lang='lat'>1</span> <span class='ocrx_word' id='word_1_234' title='bbox 521 3651 716 3717; x_wconf 88' lang='lat' dir='ltr'><strong>paterfamilias</strong></span> <span class='ocrx_word' id='word_1_235' title='bbox 740 3651 849 3718; x_wconf 83' lang='lat' dir='ltr'><strong>quidam</strong></span> <span class='ocrx_word' id='word_1_236' title='bbox 874 3653 909 3705; x_wconf 90' lang='lat' dir='ltr'><strong>V:</strong></span> <span class='ocrx_word' id='word_1_237' title='bbox 927 3656 1005 3721; x_wconf 87' lang='lat' dir='ltr'><strong>pater</strong></span> <span class='ocrx_word' id='word_1_238' title='bbox 1025 3653 1110 3706; x_wconf 87' lang='lat' dir='ltr'><strong>filiam</strong></span> <span class='ocrx_word' id='word_1_239' title='bbox 1130 3652 1197 3716; x_wconf 83' lang='lat' dir='ltr'><strong>AF,</strong></span> <span class='ocrx_word' id='word_1_240' title='bbox 1216 3651 1440 3721; x_wconf 88' lang='lat' dir='ltr'><strong>paterfamiliaso</strong></span> <span class='ocrx_word' id='word_1_241' title='bbox 1463 3651 1474 3717; x_wconf 89' lang='grc' dir='ltr'><strong>ΙΙ</strong></span> <span class='ocrx_word' id='word_1_242' title='bbox 1497 3649 1561 3702; x_wconf 91' lang='lat' dir='ltr'><strong>duo·</strong></span> 
     </span>
     <span class='ocr_line' id='line_1_29' title="bbox 434 3734 1562 3815; baseline 0.002 -27"><span class='ocrx_word' id='word_1_243' title='bbox 434 3734 544 3788; x_wconf 76' lang='lat' dir='ltr'><strong>domem</strong></span> <span class='ocrx_word' id='word_1_244' title='bbox 561 3735 605 3815; x_wconf 73' lang='lat' dir='ltr'><strong>col.</strong></span> <span class='ocrx_word' id='word_1_245' title='bbox 627 3735 690 3790; x_wconf 81' lang='lat' dir='ltr'><strong>Alo.</strong></span> <span class='ocrx_word' id='word_1_246' title='bbox 716 3737 727 3803; x_wconf 77' lang='lat' dir='ltr'><strong>ll</strong></span> <span class='ocrx_word' id='word_1_247' title='bbox 750 3737 835 3791; x_wconf 88' lang='lat' dir='ltr'><strong>filiam</strong></span> <span class='ocrx_word' id='word_1_248' title='bbox 847 3738 881 3791; x_wconf 89' lang='lat' dir='ltr'><strong>ab</strong></span> <span class='ocrx_word' id='word_1_249' title='bbox 893 3754 917 3792; x_wconf 92' lang='lat' dir='ltr'><strong>u.</strong></span> <span class='ocrx_word' id='word_1_250' title='bbox 932 3741 1053 3791; x_wconf 90' lang='lat' dir='ltr'><strong>mutuam</strong></span> <span class='ocrx_word' id='word_1_251' title='bbox 1065 3739 1139 3792; x_wconf 88' lang='lat' dir='ltr'><strong>MV:</strong></span> <span class='ocrx_word' id='word_1_252' title='bbox 1158 3737 1192 3790; x_wconf 89' lang='lat' dir='ltr'><strong>ab</strong></span> <span class='ocrx_word' id='word_1_253' title='bbox 1205 3755 1229 3791; x_wconf 91' lang='lat' dir='ltr'><strong>u.</strong></span> <span class='ocrx_word' id='word_1_254' title='bbox 1243 3739 1346 3790; x_wconf 89' lang='lat' dir='ltr'><strong>mutam</strong></span> <span class='ocrx_word' id='word_1_255' title='bbox 1358 3736 1476 3805; x_wconf 85' lang='lat' dir='ltr'><strong>puellam</strong></span> <span class='ocrx_word' id='word_1_256' title='bbox 1488 3735 1562 3790; x_wconf 71' lang='lat' dir='ltr'><strong>aue</strong></span> 
     </span>
    </p>

    <p class='ocr_par' dir='ltr' id='par_1_7' title="bbox 434 3808 1562 3977">
     <span class='ocr_line' id='line_1_30' title="bbox 486 3808 1562 3891; baseline -0.003 -15"><span class='ocrx_word' id='word_1_257' title='bbox 486 3808 573 3876; x_wconf 68' lang='lat' dir='ltr'><strong>3scis</strong></span> <span class='ocrx_word' id='word_1_258' title='bbox 585 3822 655 3876; x_wconf 79' lang='lat' dir='ltr'><strong>AV:</strong></span> <span class='ocrx_word' id='word_1_259' title='bbox 672 3811 772 3878; x_wconf 62' lang='lat' dir='ltr'><strong>scsFo</strong></span> <span class='ocrx_word' id='word_1_260' title='bbox 803 3825 814 3891; x_wconf 78' lang='lat' dir='ltr'><strong>ll</strong></span> <span class='ocrx_word' id='word_1_261' title='bbox 845 3824 888 3877; x_wconf 91' lang='lat' dir='ltr'><strong>uir</strong></span> <span class='ocrx_word' id='word_1_262' title='bbox 903 3823 999 3877; x_wconf 87' lang='lat' dir='ltr'><strong>beatus</strong></span> <span class='ocrx_word' id='word_1_263' title='bbox 1015 3825 1052 3879; x_wconf 89' lang='lat' dir='ltr'><strong>V:</strong></span> <span class='ocrx_word' id='word_1_264' title='bbox 1071 3823 1206 3877; x_wconf 78' lang='lat' dir='ltr'><strong>oraAFo</strong></span> <span class='ocrx_word' id='word_1_265' title='bbox 1237 3824 1248 3890; x_wconf 91' lang='grc' dir='ltr'><strong>ΙΙ</strong></span> <span class='ocrx_word' id='word_1_266' title='bbox 1281 3822 1397 3875; x_wconf 87' lang='lat' dir='ltr'><strong>solueret</strong></span> <span class='ocrx_word' id='word_1_267' title='bbox 1416 3821 1455 3874; x_wconf 86' lang='lat' dir='ltr'><strong>V.-</strong></span> <span class='ocrx_word' id='word_1_268' title='bbox 1474 3820 1562 3874; x_wconf 90' lang='lat' dir='ltr'><strong>absol·</strong></span> 
     </span>
     <span class='ocr_line' id='line_1_31' title="bbox 434 3906 1562 3977; baseline 0.002 -18"><span class='ocrx_word' id='word_1_269' title='bbox 434 3909 509 3961; x_wconf 83' lang='lat' dir='ltr'><strong>uerat</strong></span> <span class='ocrx_word' id='word_1_270' title='bbox 529 3907 600 3962; x_wconf 83' lang='lat' dir='ltr'><strong>AFo</strong></span> <span class='ocrx_word' id='word_1_271' title='bbox 678 3909 698 3965; x_wconf 87' lang='lat'>4</span> <span class='ocrx_word' id='word_1_272' title='bbox 715 3909 851 3963; x_wconf 90' lang='lat' dir='ltr'><strong>ualentino</strong></span> <span class='ocrx_word' id='word_1_273' title='bbox 877 3910 911 3963; x_wconf 91' lang='lat' dir='ltr'><strong>V:</strong></span> <span class='ocrx_word' id='word_1_274' title='bbox 930 3910 1084 3963; x_wconf 86' lang='lat' dir='ltr'><strong>ualentiano</strong></span> <span class='ocrx_word' id='word_1_275' title='bbox 1105 3910 1134 3962; x_wconf 88' lang='lat' dir='ltr'><em>F</em></span> <span class='ocrx_word' id='word_1_276' title='bbox 1148 3926 1193 3977; x_wconf 79' lang='lat' dir='ltr'><strong>pr.</strong></span> <span class='ocrx_word' id='word_1_277' title='bbox 1216 3926 1249 3962; x_wconf 82' lang='lat' dir='ltr'><strong>ra.</strong></span> <span class='ocrx_word' id='word_1_278' title='bbox 1272 3908 1456 3961; x_wconf 85' lang='lat' dir='ltr'><strong>ualentiniano</strong></span> <span class='ocrx_word' id='word_1_279' title='bbox 1477 3906 1562 3961; x_wconf 76' lang='lat' dir='ltr'><strong>AF²o</strong></span> 
     </span>
    </p>

    <p class='ocr_par' dir='ltr' id='par_1_8' title="bbox 429 3991 1565 4321">
     <span class='ocr_line' id='line_1_32' title="bbox 486 3991 1565 4063; baseline -0.002 -16"><span class='ocrx_word' id='word_1_280' title='bbox 486 3991 630 4047; x_wconf 77' lang='lat' dir='ltr'><strong>Voraueuo</strong></span> <span class='ocrx_word' id='word_1_281' title='bbox 649 3995 680 4048; x_wconf 89' lang='lat' dir='ltr'><strong><em>F</em></strong></span> <span class='ocrx_word' id='word_1_282' title='bbox 697 4010 764 4049; x_wconf 81' lang='lat' dir='ltr'><strong>corr.</strong></span> <span class='ocrx_word' id='word_1_283' title='bbox 819 3995 1058 4052; x_wconf 69' lang='lat' dir='ltr'><strong>boircumstantes</strong></span> <span class='ocrx_word' id='word_1_284' title='bbox 1083 3996 1109 4049; x_wconf 89' lang='lat' dir='ltr'><strong><em>V</em></strong></span> <span class='ocrx_word' id='word_1_285' title='bbox 1160 3995 1196 4050; x_wconf 93' lang='grc'><strong>11</strong></span> <span class='ocrx_word' id='word_1_286' title='bbox 1214 3995 1263 4048; x_wconf 92' lang='lat' dir='ltr'><strong>ille</strong></span> <span class='ocrx_word' id='word_1_287' title='bbox 1291 3993 1314 4063; x_wconf 71' lang='lat' dir='ltr'><em>Q</em></span> <span class='ocrx_word' id='word_1_288' title='bbox 1337 3996 1349 4062; x_wconf 86' lang='grc'><strong>11</strong></span> <span class='ocrx_word' id='word_1_289' title='bbox 1372 4009 1443 4046; x_wconf 88' lang='lat' dir='ltr'><strong>more</strong></span> <span class='ocrx_word' id='word_1_290' title='bbox 1464 4007 1513 4046; x_wconf 84' lang='lat' dir='ltr'><strong>om.</strong></span> <span class='ocrx_word' id='word_1_291' title='bbox 1534 3993 1565 4046; x_wconf 92' lang='lat' dir='ltr'><strong><em>F</em></strong></span> 
     </span>
     <span class='ocr_line' id='line_1_33' title="bbox 429 4078 1560 4150; baseline 0 -20"><span class='ocrx_word' id='word_1_292' title='bbox 429 4092 475 4144; x_wconf 73' lang='lat' dir='ltr'><strong>pr.</strong></span> <span class='ocrx_word' id='word_1_293' title='bbox 488 4093 521 4130; x_wconf 83' lang='lat' dir='ltr'><strong>ra.</strong></span> <span class='ocrx_word' id='word_1_294' title='bbox 546 4080 558 4146; x_wconf 77' lang='lat' dir='ltr'><strong>ll</strong></span> <span class='ocrx_word' id='word_1_295' title='bbox 577 4079 775 4147; x_wconf 87' lang='lat' dir='ltr'><strong>pauxillumM</strong></span> <span class='ocrx_word' id='word_1_296' title='bbox 824 4081 860 4138; x_wconf 90' lang='lat'><strong>13</strong></span> <span class='ocrx_word' id='word_1_297' title='bbox 878 4081 1036 4135; x_wconf 83' lang='lat' dir='ltr'><strong>iufunditA</strong></span> <span class='ocrx_word' id='word_1_298' title='bbox 1090 4081 1128 4137; x_wconf 89' lang='grc'><strong>14</strong></span> <span class='ocrx_word' id='word_1_299' title='bbox 1146 4080 1287 4150; x_wconf 87' lang='lat' dir='ltr'><strong>respondet</strong></span> <span class='ocrx_word' id='word_1_300' title='bbox 1299 4079 1339 4134; x_wconf 85' lang='lat' dir='ltr'><strong>ed.</strong></span> <span class='ocrx_word' id='word_1_301' title='bbox 1354 4079 1417 4133; x_wconf 80' lang='lat' dir='ltr'><strong>Alo.</strong></span> <span class='ocrx_word' id='word_1_302' title='bbox 1473 4078 1510 4134; x_wconf 89' lang='grc'><strong>16</strong></span> <span class='ocrx_word' id='word_1_303' title='bbox 1523 4079 1560 4146; x_wconf 89' lang='lat' dir='ltr'><strong>et]</strong></span> 
     </span>
     <span class='ocr_line' id='line_1_34' title="bbox 433 4162 1559 4236; baseline 0.003 -20"><span class='ocrx_word' id='word_1_304' title='bbox 433 4162 501 4217; x_wconf 90' lang='lat' dir='ltr'><strong>dicit</strong></span> <span class='ocrx_word' id='word_1_305' title='bbox 526 4165 560 4228; x_wconf 89' lang='lat' dir='ltr'><strong>V,</strong></span> <span class='ocrx_word' id='word_1_306' title='bbox 578 4165 654 4219; x_wconf 83' lang='lat' dir='ltr'><strong>looud</strong></span> <span class='ocrx_word' id='word_1_307' title='bbox 665 4167 720 4220; x_wconf 78' lang='lat' dir='ltr'><strong>soto</strong></span> <span class='ocrx_word' id='word_1_308' title='bbox 732 4183 771 4221; x_wconf 83' lang='lat' dir='ltr'><strong>aa</strong></span> <span class='ocrx_word' id='word_1_309' title='bbox 782 4173 867 4235; x_wconf 81' lang='lat' dir='ltr'><strong>recto,</strong></span> <span class='ocrx_word' id='word_1_310' title='bbox 885 4169 910 4220; x_wconf 81' lang='lat' dir='ltr'><strong>si</strong></span> <span class='ocrx_word' id='word_1_311' title='bbox 922 4168 1007 4220; x_wconf 82' lang='lat' dir='ltr'><strong>uerbo</strong></span> <span class='ocrx_word' id='word_1_312' title='bbox 1018 4169 1057 4221; x_wconf 80' lang='lat' dir='ltr'><strong>sic</strong></span> <span class='ocrx_word' id='word_1_313' title='bbox 1069 4167 1241 4236; x_wconf 67' lang='lat' dir='ltr'><strong>distinguas:</strong></span> <span class='ocrx_word' id='word_1_314' title='bbox 1260 4166 1327 4220; x_wconf 90' lang='lat' dir='ltr'><strong>dicit</strong></span> <span class='ocrx_word' id='word_1_315' title='bbox 1346 4165 1415 4219; x_wconf 91' lang='lat' dir='ltr'><strong>hanc</strong></span> <span class='ocrx_word' id='word_1_316' title='bbox 1436 4180 1474 4232; x_wconf 91' lang='lat' dir='ltr'><strong>pr.</strong></span> <span class='ocrx_word' id='word_1_317' title='bbox 1494 4179 1522 4217; x_wconf 89' lang='lat' dir='ltr'><strong>se</strong></span> <span class='ocrx_word' id='word_1_318' title='bbox 1540 4164 1559 4219; x_wconf 90' lang='lat' dir='ltr'><strong>f.</strong></span> 
     </span>
     <span class='ocr_line' id='line_1_35' title="bbox 433 4248 1561 4321; baseline 0.002 -19"><span class='ocrx_word' id='word_1_319' title='bbox 433 4248 539 4303; x_wconf 87' lang='lat' dir='ltr'><strong>audisse</strong></span> <span class='ocrx_word' id='word_1_320' title='bbox 562 4265 664 4304; x_wconf 87' lang='lat' dir='ltr'><strong>uocem:</strong></span> <span class='ocrx_word' id='word_1_321' title='bbox 692 4253 794 4307; x_wconf 86' lang='lat' dir='ltr'><strong>cunctis</strong></span> <span class='ocrx_word' id='word_1_322' title='bbox 814 4255 884 4321; x_wconf 90' lang='lat' dir='ltr'><strong>stup.</strong></span> <span class='ocrx_word' id='word_1_323' title='bbox 912 4253 1049 4307; x_wconf 83' lang='lat' dir='ltr'><strong>fatebatur</strong></span> <span class='ocrx_word' id='word_1_324' title='bbox 1139 4253 1175 4308; x_wconf 84' lang='lat'><strong>17</strong></span> <span class='ocrx_word' id='word_1_325' title='bbox 1194 4253 1296 4305; x_wconf 88' lang='lat' dir='ltr'><strong>fatetur</strong></span> <span class='ocrx_word' id='word_1_326' title='bbox 1317 4252 1387 4305; x_wconf 77' lang='lat' dir='ltr'><strong>colai.</strong></span> <span class='ocrx_word' id='word_1_327' title='bbox 1417 4251 1451 4305; x_wconf 83' lang='lat' dir='ltr'><strong>dc</strong></span> <span class='ocrx_word' id='word_1_328' title='bbox 1472 4251 1561 4305; x_wconf 87' lang='lat' dir='ltr'><strong>Proto</strong></span> 
     </span>
    </p>

    <p class='ocr_par' dir='ltr' id='par_1_9' title="bbox 429 4334 1561 4746">
     <span class='ocr_line' id='line_1_36' title="bbox 484 4334 1561 4407; baseline -0.001 -16"><span class='ocrx_word' id='word_1_329' title='bbox 484 4334 524 4391; x_wconf 93' lang='grc'><strong>20</strong></span> <span class='ocrx_word' id='word_1_330' title='bbox 540 4337 657 4390; x_wconf 89' lang='lat' dir='ltr'><strong>Paruum</strong></span> <span class='ocrx_word' id='word_1_331' title='bbox 670 4338 735 4392; x_wconf 89' lang='grc' dir='ltr'><strong>ΒΜ</strong></span> <span class='ocrx_word' id='word_1_332' title='bbox 737 4358 743 4391; x_wconf 91' lang='lat'>:</span> <span class='ocrx_word' id='word_1_333' title='bbox 759 4340 860 4393; x_wconf 88' lang='lat' dir='ltr'><strong>Parum</strong></span> <span class='ocrx_word' id='word_1_334' title='bbox 871 4339 971 4394; x_wconf 83' lang='lat' dir='ltr'><strong>AFVo</strong></span> <span class='ocrx_word' id='word_1_335' title='bbox 994 4340 1005 4407; x_wconf 87' lang='grc'><strong>11</strong></span> <span class='ocrx_word' id='word_1_336' title='bbox 1029 4339 1139 4407; x_wconf 88' lang='lat' dir='ltr'><strong>arpagio</strong></span> <span class='ocrx_word' id='word_1_337' title='bbox 1149 4339 1244 4392; x_wconf 85' lang='lat' dir='ltr'><strong><em>AFV:</em></strong></span> <span class='ocrx_word' id='word_1_338' title='bbox 1256 4338 1423 4406; x_wconf 85' lang='lat' dir='ltr'><strong>Harpagioo</strong></span> <span class='ocrx_word' id='word_1_339' title='bbox 1475 4335 1514 4392; x_wconf 92' lang='grc'><strong>22</strong></span> <span class='ocrx_word' id='word_1_340' title='bbox 1527 4335 1561 4390; x_wconf 87' lang='lat' dir='ltr'><strong>ad</strong></span> 
     </span>
     <span class='ocr_line' id='line_1_37' title="bbox 433 4421 1559 4493; baseline 0.002 -19"><span class='ocrx_word' id='word_1_341' title='bbox 433 4437 523 4475; x_wconf 89' lang='lat' dir='ltr'><strong>uersas</strong></span> <span class='ocrx_word' id='word_1_342' title='bbox 548 4423 574 4476; x_wconf 94' lang='lat' dir='ltr'><strong><em>V</em></strong></span> <span class='ocrx_word' id='word_1_343' title='bbox 640 4423 678 4480; x_wconf 93' lang='grc'><strong>23</strong></span> <span class='ocrx_word' id='word_1_344' title='bbox 696 4424 843 4492; x_wconf 87' lang='lat' dir='ltr'><strong>ampullam</strong></span> <span class='ocrx_word' id='word_1_345' title='bbox 861 4424 957 4479; x_wconf 86' lang='lat' dir='ltr'><strong><em>BFV:</em></strong></span> <span class='ocrx_word' id='word_1_346' title='bbox 978 4425 1152 4493; x_wconf 84' lang='lat' dir='ltr'><strong>ampullulam</strong></span> <span class='ocrx_word' id='word_1_347' title='bbox 1172 4424 1244 4478; x_wconf 85' lang='lat' dir='ltr'><strong>AFo</strong></span> <span class='ocrx_word' id='word_1_348' title='bbox 1308 4423 1347 4479; x_wconf 89' lang='grc'><strong>24</strong></span> <span class='ocrx_word' id='word_1_349' title='bbox 1364 4421 1504 4476; x_wconf 90' lang='lat' dir='ltr'><strong>rotundam</strong></span> <span class='ocrx_word' id='word_1_350' title='bbox 1525 4422 1559 4486; x_wconf 91' lang='lat' dir='ltr'><strong>B,</strong></span> 
     </span>
     <span class='ocr_line' id='line_1_38' title="bbox 432 4507 1561 4568; baseline 0 -8"><span class='ocrx_word' id='word_1_351' title='bbox 432 4507 574 4561; x_wconf 88' lang='lat' dir='ltr'><strong>rotundum</strong></span> <span class='ocrx_word' id='word_1_352' title='bbox 586 4510 655 4563; x_wconf 83' lang='lat' dir='ltr'><strong>coae‘.</strong></span> <span class='ocrx_word' id='word_1_353' title='bbox 669 4510 703 4564; x_wconf 84' lang='lat' dir='ltr'><strong>dc</strong></span> <span class='ocrx_word' id='word_1_354' title='bbox 715 4511 803 4564; x_wconf 80' lang='lat' dir='ltr'><strong>Proto</strong></span> <span class='ocrx_word' id='word_1_355' title='bbox 864 4511 902 4568; x_wconf 83' lang='grc'><strong>25</strong></span> <span class='ocrx_word' id='word_1_356' title='bbox 921 4511 962 4563; x_wconf 91' lang='lat' dir='ltr'><strong>ita</strong></span> <span class='ocrx_word' id='word_1_357' title='bbox 974 4511 1040 4565; x_wconf 88' lang='lat' dir='ltr'><strong>BV:</strong></span> <span class='ocrx_word' id='word_1_358' title='bbox 1053 4510 1081 4564; x_wconf 91' lang='lat' dir='ltr'><strong>id</strong></span> <span class='ocrx_word' id='word_1_359' title='bbox 1092 4510 1150 4563; x_wconf 82' lang='lat' dir='ltr'><strong>AF</strong></span> <span class='ocrx_word' id='word_1_360' title='bbox 1210 4509 1248 4566; x_wconf 86' lang='grc'><strong>26</strong></span> <span class='ocrx_word' id='word_1_361' title='bbox 1266 4508 1375 4562; x_wconf 88' lang='lat' dir='ltr'><strong>uascula</strong></span> <span class='ocrx_word' id='word_1_362' title='bbox 1387 4508 1480 4560; x_wconf 85' lang='lat' dir='ltr'><strong><em>AFV:</em></strong></span> <span class='ocrx_word' id='word_1_363' title='bbox 1499 4523 1561 4561; x_wconf 89' lang='lat' dir='ltr'><strong>uas·</strong></span> 
     </span>
     <span class='ocr_line' id='line_1_39' title="bbox 429 4593 1559 4664; baseline 0.002 -20"><span class='ocrx_word' id='word_1_364' title='bbox 429 4593 492 4645; x_wconf 89' lang='lat' dir='ltr'><strong>cula</strong></span> <span class='ocrx_word' id='word_1_365' title='bbox 504 4593 581 4648; x_wconf 88' lang='lat' dir='ltr'><strong>illac</strong></span> <span class='ocrx_word' id='word_1_366' title='bbox 604 4596 615 4661; x_wconf 95' lang='grc' dir='ltr'><strong>ΙΙ</strong></span> <span class='ocrx_word' id='word_1_367' title='bbox 638 4597 758 4664; x_wconf 87' lang='lat' dir='ltr'><strong>conplere</strong></span> <span class='ocrx_word' id='word_1_368' title='bbox 770 4597 867 4650; x_wconf 84' lang='lat' dir='ltr'><strong><em>AFV:</em></strong></span> <span class='ocrx_word' id='word_1_369' title='bbox 886 4597 1041 4664; x_wconf 78' lang='lat' dir='ltr'><strong>compluria</strong></span> <span class='ocrx_word' id='word_1_370' title='bbox 1064 4597 1076 4664; x_wconf 78' lang='lat' dir='ltr'><strong>ll</strong></span> <span class='ocrx_word' id='word_1_371' title='bbox 1100 4611 1202 4648; x_wconf 89' lang='lat' dir='ltr'><strong>summa</strong></span> <span class='ocrx_word' id='word_1_372' title='bbox 1216 4595 1375 4649; x_wconf 88' lang='lat' dir='ltr'><strong>umbonibus</strong></span> <span class='ocrx_word' id='word_1_373' title='bbox 1397 4595 1431 4648; x_wconf 87' lang='lat' dir='ltr'><strong>dc</strong></span> <span class='ocrx_word' id='word_1_374' title='bbox 1452 4594 1559 4647; x_wconf 83' lang='lat' dir='ltr'><strong>Proto:</strong></span> 
     </span>
     <span class='ocr_line' id='line_1_40' title="bbox 431 4678 966 4746; baseline 0.013 -17"><span class='ocrx_word' id='word_1_375' title='bbox 431 4678 647 4734; x_wconf 90' lang='lat' dir='ltr'><strong>summabonibus</strong></span> <span class='ocrx_word' id='word_1_376' title='bbox 662 4683 697 4746; x_wconf 89' lang='lat' dir='ltr'><strong>V,</strong></span> <span class='ocrx_word' id='word_1_377' title='bbox 717 4697 819 4735; x_wconf 89' lang='lat' dir='ltr'><strong>summa</strong></span> <span class='ocrx_word' id='word_1_378' title='bbox 831 4697 878 4735; x_wconf 80' lang='lat' dir='ltr'><strong>oro.</strong></span> <span class='ocrx_word' id='word_1_379' title='bbox 893 4682 966 4736; x_wconf 83' lang='lat' dir='ltr'><strong>AFo</strong></span> 
     </span>
    </p>
   </div>
   <div class='ocr_carea' id='block_1_6' title="bbox 0 0 1922 5634">
    <p class='ocr_par' dir='ltr' id='par_1_10' title="bbox 0 0 1922 5634">
     <span class='ocr_line' id='line_1_41' title="bbox 0 0 1922 5634; baseline 0 3"><span class='ocrx_word' id='word_1_380' title='bbox 0 0 1922 5634; x_wconf 95' lang='lat' dir='ltr'><strong> </strong></span> 
     </span>
    </p>
   </div>
  </div>
 </body>
</html>
