3834 5634
822 722 937 779 Chron.
956 726 979 790 I,
999 725 1119 783 37-39.
1490 732 1532 796 41

401 871 594 954 parricidales
610 877 734 941 conatus
750 876 828 942 terro
843 881 928 944 ultus
943 882 999 945 est.
1024 881 1135 946 flebilis
1155 901 1190 946 ee
1210 883 1338 948 uictoria
1353 883 1447 950 tuisse
1466 886 1534 970 regi

400 975 547 1041 traditur:
569 977 658 1043 tanta
671 979 704 1043 111
718 998 752 1044 eo
767 981 864 1062 pietas
879 985 959 1061 erat,
983 985 1019 1048 ut
1040 985 1134 1049 etiam
1154 986 1321 1067 parricidae
1336 986 1400 1051 filio
1416 988 1533 1072 ignosci

399 1080 539 1144 uoluerit.
563 1080 616 1145 uix
629 1081 687 1146 hcc
701 1082 818 1148 bellum
833 1086 1003 1150 extinctum
1018 1087 1189 1167 uidebatur,
1206 1087 1292 1153 aliud
1307 1108 1432 1154 rursum
1446 1108 1532 1155 eror·
1544 1099 1564 1155 4

401 1182 484 1263 tum,
500 1181 616 1248 Sabaea
630 1186 762 1267 quodam
777 1187 867 1273 duces,
883 1189 936 1270 qui
951 1190 1120 1270 pessimum
1135 1209 1285 1273 quemque
1300 1193 1340 1255 ad
1354 1193 1531 1260 armainci·

372 1284 527 1351 strueret.
552 1287 605 1351 sed
625 1306 748 1370 propere
769 1292 870 1355 motus
891 1293 991 1357 omnis
1011 1295 1109 1357 morte
1130 1293 1216 1357 ducis
1230 1294 1399 1377 {repressus
1429 1296 1562 1365 crebrae

398 1389 505 1453 deiude
520 1389 665 1454 aduersus
680 1391 863 1476 Allcphylos
877 1395 980 1459 Dauid
994 1395 1110 1477 proelia
1125 1396 1255 1460 secundo
1271 1397 1382 1461 euentu
1404 1398 1530 1462 habuitr

398 1491 574 1573 cunctisque
589 1491 669 1557 bello
685 1494 811 1560 domitis
832 1498 863 1561 et
883 1498 948 1562 tem
970 1499 1080 1562 exteris
1095 1517 1188 1580 quem
1204 1499 1379 1563 domesticis
1396 1500 1531 1565 motibus

399 1593 577 1675 compressis
598 1594 850 1663 florentissimum
878 1618 1008 1683 regnum
1041 1601 1074 1665 in
1095 1619 1167 1682 pace
1195 1601 1335 1666 habebat.
1370 1603 1439 1667 tum
1460 1621 1562 1675 cume

399 1695 499 1761 subita
520 1696 630 1779 cupido
649 1698 773 1765 incessit
793 1703 831 1766 ad
852 1703 1020 1768 metiendas
1048 1704 1170 1786 imperii
1190 1705 1270 1769 uires
1290 1705 1437 1787 populum
1458 1723 1528 1770 cen-

368 1823 391 1863 11
397 1819 473 1865 sere:
489 1801 535 1865 ita
549 1819 567 1864 a
582 1803 655 1866 Ioab
670 1803 800 1868 militiae
811 1806 960 1889 magistro
972 1807 1071 1872 decies
1083 1808 1206 1871 centena
1217 1808 1247 1871 et
1262 1808 1396 1872 trecenta
1407 1808 1525 1873 ciuium

397 1903 484 1968 milia
515 1904 715 1971 dinumerata.
747 1907 838 1971 huius
868 1928 942 1993 eum
970 1908 1044 1974 facti
1078 1927 1148 1973 mor
1179 1909 1281 1994 piguit
1307 1910 1529 1992 poenituitque,

360 2053 362 2058 ·
397 2008 519 2072 ueniam
538 2028 556 2074 a
576 2008 640 2074 Deo
661 2011 779 2091 petens,
802 2029 856 2074 cur
875 2011 908 2075 in
927 2011 960 2076 id
984 2013 1101 2077 animos
1124 2013 1297 2092 extulisset,
1320 2014 1356 2076 ut
1375 2013 1462 2097 regni
1483 2013 1532 2078 sui

397 2111 564 2192 potentiam
584 2131 620 2178 or
640 2130 764 2177 sucrum
783 2114 885 2195 potius
913 2115 1112 2180 multitudine
1133 2135 1226 2198 quam
1246 2134 1281 2179 er
1302 2114 1405 2180 fauore
1426 2115 1531 2180 diuino

397 2213 581 2280 aestimaret.
620 2216 723 2298 itaque
758 2216 871 2280 missus
897 2218 936 2280 ad
962 2236 1033 2281 eum
1058 2217 1184 2301 angelus
1210 2218 1323 2282 trinam
1349 2217 1378 2281 ei
1402 2229 1560 2299 poenamt

367 2338 389 2377 11
397 2316 556 2382 denuntiat
575 2319 688 2401 detqm
708 2318 871 2382 arbitrium
890 2338 983 2383 uuam
1004 2319 1146 2402 eligendi.
1170 2321 1223 2383 sed
1237 2320 1391 2402 proposita
1405 2321 1530 2387 triennii

398 2418 492 2498 tame,
515 2420 614 2484 trium
628 2421 781 2485 mensium
795 2419 883 2504 fuge,
900 2423 998 2485 morte
1012 2422 1124 2498 tridui,
1144 2421 1252 2505 fugam
1266 2423 1297 2486 ot
1314 2421 1429 2486 famem
1444 2423 1529 2487 dete·

396 2523 493 2587 status
508 2524 639 2588 mortem
654 2524 762 2607 elegit,
785 2524 998 2606 momentoque
1025 2524 1172 2605 temporis
1192 2543 1264 2588 axx
1284 2524 1372 2588 milia
1393 2524 1529 2589 uirorum

395 2624 546 2690 interiere.
570 2625 639 2690 tum
654 2627 756 2691 Dauid
771 2626 878 2691 uidens
899 2625 1059 2710 angelum,
1076 2627 1300 2704 cuiusdertera
1314 2627 1444 2708 populus
1459 2646 1560 2709 pro-8

395 2728 599 2806 sternebatur,
632 2729 755 2793 ueniam
780 2729 896 2810 precari
928 2747 1018 2812 seque
1049 2750 1145 2794 unum
1169 2748 1223 2812 pro
1250 2729 1391 2794 omnibus
1420 2748 1531 2811 poenae

366 2832 525 2897 nobicere:
549 2851 580 2897 se
596 2832 726 2916 dignum
740 2832 847 2910 exitio,
871 2832 942 2914 quia
964 2833 1029 2914 ipse
1049 2834 1210 2915 peccasset.
1235 2833 1280 2897 ita
1300 2851 1442 2897 euersum
1465 2833 1531 2915 ple-

396 2935 443 2998 bis
464 2935 666 3017 supplicium:
689 2935 792 3000 Dauid
817 2935 850 3000 in
876 2935 956 3013 loco,
980 2936 1012 2999 in
1039 2954 1098 3018 quo
1124 2937 1268 3021 angelum
1287 2936 1422 3018 uiderat,
1446 2955 1532 3001 aram

395 3037 458 3102 Deo
477 3038 597 3103 statuit.
621 3055 691 3102 mor
717 3038 803 3102 anuis
830 3039 861 3102 et
887 3038 992 3102 morbo
1019 3038 1176 3103 infractior
1199 3038 1392 3104 Salomonem
1418 3039 1560 3107 filiumie

394 3158 428 3204 ex
448 3141 596 3205 Bersabee
617 3140 673 3204 Vri
688 3140 784 3225 lurore
815 3142 1005 3222 susceptum,
1029 3159 1231 3206 successorem
1251 3142 1338 3225 regni
1359 3141 1529 3206 constituit.

396 3244 533 3328 isregali
547 3244 702 3328 unguento
717 3263 771 3325 per
790 3242 886 3308 Sadoc
907 3245 1093 3308 sacerdotem
1110 3246 1234 3321 unctus,
1257 3245 1343 3326 patre
1364 3244 1463 3308 adhuc
1483 3245 1531 3308 iu·

367 3347 523 3426 ncolumi,
545 3364 598 3411 rer
612 3346 791 3428 appellatus.
814 3347 932 3424 Dauid,
955 3365 1027 3410 cum
1040 3347 1197 3430 regnasset
1212 3363 1304 3411 annos
1319 3364 1382 3423 rm,
1405 3344 1531 3410 defunc-

396 3449 446 3513 tus
461 3451 517 3514 est.

404 3551 580 3652 ,8110111011
605 3553 693 3618 initio
708 3553 805 3638 ¹,regni
829 3553 937 3616 urbem
963 3570 1050 3616 muro
1076 3552 1287 3617 circumdedit.
1310 3553 1383 3617 huic
1411 3570 1465 3633 per
1479 3561 1582 3625 10-39

396 3672 498 3736 uorem
512 3658 611 3721 astare
626 3658 708 3721 Deus
728 3657 813 3722 uisus
828 3657 889 3734 est,
917 3657 1040 3738 petendi
1061 3671 1138 3738 quae
1154 3656 1248 3720 uellet
1263 3655 1400 3722 tribuens
1425 3656 1526 3738 optio-

397 3924 434 3983 22
451 3843 564 3982 ΠΙ1311
580 3843 643 3985 neg.
665 3843 709 3900 re.
746 3843 764 3901 e
782 3843 811 3897 11
828 3843 893 3913 aeg.
911 3824 959 3901 eo'
995 3845 1013 3902 e
1031 3842 1061 3896 11
1077 3842 1141 3911 aeg.
1160 3841 1281 3899 sr-re.
1318 3841 1336 3899 e
1354 3842 1384 3896 11
1396 3843 1461 3912 aeg.
1479 3842 1527 3900 24.

417 3929 424 3953 ⁴
552 3946 577 3998 g·
612 3969 617 3982 .

448 4081 463 4137 1
482 4082 665 4151 parricidiales
683 4083 698 4136 b
762 4082 780 4140 3
798 4099 857 4136 cum
880 4083 954 4137 aliud
970 4083 1086 4138 indebat
1104 4081 1248 4151 Sigonius,
1267 4088 1298 4135 at
1320 4083 1355 4150 ef.
1378 4083 1428 4137 nit.
1439 4083 1526 4137 Mart.

397 4168 426 4235 7,
444 4170 463 4220 3
514 4168 635 4237 4Σαβεέ
644 4168 747 4236 LXX,
777 4168 862 4222 Sabea
879 4169 1003 4223 Drnsiue
1070 4167 1088 4226 9
1107 4166 1302 4222 metuendasP
1354 4167 1392 4225 10
1410 4169 1451 4222 ita
1468 4169 1529 4223 ieab

396 4253 510 4307 militiae
527 4253 660 4323 magistra
678 4254 716 4318 P,
740 4255 805 4321 fort.
825 4255 866 4308 ita
883 4271 930 4323 per
946 4254 1014 4309 Joab
1032 4270 1066 4308 m.
1086 4254 1245 4324 magistrum
1313 4253 1350 4310 12
1367 4255 1473 4323 petens]
1492 4255 1528 4322 cf·

396 4338 781 4407 od1,1uisumestmihi..
801 4340 936 4394 locuturus
959 4342 972 4409 u
994 4340 1173 4410 regnasuiP
1226 4339 1262 4396 16
1274 4337 1429 4408 deprecatus
1441 4339 1524 4393 nole·

395 4423 586 4479 botdePrato
639 4425 675 4482 19
688 4426 1127 4480 unumPetDrnsa'nstuiuumb
1180 4425 1369 4482 enneminta
1417 4424 1455 4482 23
1469 4425 1527 4479 ber·

396 4509 474 4564 sebee
486 4510 514 4564 P
525 4513 588 4580 (pro
599 4511 738 4580 bersabee,
751 4517 783 4566 nt
795 4510 924 4580 uidetur,-
943 4529 1009 4567 nom
1020 4511 1226 4567 terminationes
1243 4512 1386 4566 nominum
1392 4512 1525 4580 proprio·

395 4610 456 4650 nnn
480 4596 699 4666 alienigenarum
718 4598 880 4667 pleramque
902 4599 935 4652 in
958 4599 986 4652 P
1008 4599 1099 4667 apices
1121 4597 1233 4664 babent)
1256 4599 1268 4666 ΙΙ
1290 4596 1333 4650 uri
1351 4597 1389 4652 P:
1413 4596 1528 4654 Uriaeb

446 4680 485 4738 28
503 4682 632 4736 Dominus
644 4683 673 4751 b,
691 4684 755 4738 item
763 4684 851 4752 poulo
860 4689 923 4752 poet
934 4684 1044 4738 Domini
1056 4689 1082 4738 et
1094 4699 1110 4737 a
1122 4681 1238 4737 Domino
