3834 5634
1501 766 1539 813 XI

421 901 607 1002 probabile
631 903 784 973 uidetur.
823 899 928 990 Quod
958 910 1076 974 autern
1110 902 1146 975 in
1169 903 1276 976 rebus
1300 929 1386 1001 quas
1412 915 1541 976 uocant

423 1022 710 1120 orthographicis
747 1033 904 1094 ueterem
940 1021 1118 1094 scribendi
1152 1022 1347 1111 rationem,
1381 1048 1470 1119 quae
1502 1021 1539 1093 in

422 1144 546 1216 codice
582 1141 782 1214 Veronensi
818 1152 852 1214 et
887 1140 1096 1240 plerumque
1131 1142 1236 1215 etiam
1258 1143 1296 1214 in
1317 1141 1541 1240 Frisingensi

423 1271 629 1335 constanter
664 1274 803 1334 seruata
838 1272 912 1351 est,
951 1260 1081 1359 ubique
1112 1263 1371 1335 restituendam
1404 1261 1538 1360 putaui,

425 1383 495 1456 hoc
517 1382 648 1454 multos
671 1382 748 1454 fore
771 1381 832 1478 qui
862 1380 1066 1479 uituperent
1088 1383 1277 1480 prouideo:
1314 1383 1377 1454 sed
1406 1406 1539 1478 quaero

424 1529 470 1576 ex
493 1501 590 1592 istis,
628 1528 713 1574 num
751 1500 853 1574 nobis
888 1499 989 1574 liceat
1024 1502 1060 1572 in
1095 1502 1151 1574 his
1187 1502 1293 1575 rebus
1325 1528 1344 1573 a
1378 1511 1540 1574 ueterum

423 1623 671 1720 exemplorum
711 1621 781 1694 fide
811 1619 986 1694 declinare
1027 1632 1063 1692 et
1106 1647 1182 1694 eam
1218 1620 1398 1695 scribendi
1432 1622 1541 1693 ratio·

423 1767 525 1831 nem,
557 1767 648 1839 quae
680 1741 800 1813 multis
833 1740 986 1838 denique
1014 1752 1097 1839 post
1132 1741 1280 1814 saeculis
1317 1740 1353 1813 in
1392 1765 1541 1814 consue·

423 1860 584 1934 tudinem
619 1860 735 1950 uenit,
776 1886 822 1933 ex
857 1871 980 1934 nostro
1016 1860 1163 1934 arbitrio
1199 1860 1427 1933 substituere.
1460 1886 1542 1933 nam

425 1980 454 2054 si
485 1981 554 2054 hoc
584 1981 790 2053 criticorum
814 2007 942 2053 munus
966 1991 1020 2054 est
1042 1980 1173 2053 librum
1195 1993 1353 2054 ueterem
1383 2007 1454 2052 non
1497 1980 1542 2052 ad

424 2111 626 2175 commenta
664 2103 901 2172 recentiorum
948 2110 1009 2172 aut
1051 2102 1095 2172 ad
1144 2100 1313 2174 lectiones
1355 2099 1543 2174 cuiuslibet

430 2219 585 2319 exempli
616 2219 713 2318 typis
749 2218 926 2318 expressi,
977 2220 1040 2292 sed
1076 2220 1121 2291 ad
1158 2220 1353 2319 scripturas
1384 2220 1420 2292 in
1453 2220 1542 2293 anti·

425 2338 607 2438 quissimis
638 2338 739 2412 libris
771 2338 1046 2437 manuscriptis
1076 2364 1262 2437 expressas
1286 2341 1465 2436 redigere,
1498 2364 1542 2412 ne

343 2507 348 2512 >
423 2458 461 2531 in
493 2457 600 2532 rebus
639 2460 783 2557 quidem
814 2458 1067 2531 minutioribus
1107 2472 1202 2533 recte
1243 2458 1375 2532 tradita
1405 2457 1543 2532 abicere

425 2577 555 2652 licebit.
651 2640 653 2645 ι

488 2820 611 2894 Restat
636 2829 675 2890 ut
698 2819 741 2890 de
764 2818 1014 2916 appendice
1036 2829 1210 2917 septem
1234 2818 1534 2918 epistolarum

429 2966 516 3038 quas
552 2939 617 3010 do.
654 2937 860 3011 Clericus
896 2940 1032 3035 primus
1064 2939 1243 3034 opusculis
1279 2939 1402 3012 Seueri
1442 2937 1543 3038 prius

428 3060 525 3132 notis
548 3059 584 3130 in
615 3059 667 3130 ed.
690 3055 867 3155 Lipsiensi
890 3083 918 3128 a.
949 3060 1043 3129 1709
1069 3057 1215 3145 adiecit,
1238 3083 1350 3155 pauca
1373 3059 1543 3130 dieamus.

427 3180 553 3252 harum
588 3179 674 3250 duas
704 3176 843 3275 priores
883 3176 1138 3275 Stephanus
1163 3176 1374 3251 Baluzius
1397 3177 1434 3249 in
1457 3177 1543 3250 Mis-

427 3299 663 3373 cellaneorum
685 3296 801 3396 primo
825 3296 1004 3369 uolumine
1026 3322 1054 3368 a.
1081 3300 1176 3370 1678
1201 3323 1248 3369 ex
1270 3297 1392 3370 codice
1416 3297 1544 3370 Oanta·

430 3417 602 3515 brigiensi
624 3416 744 3489 edidit.
767 3414 897 3514 prioris
921 3441 968 3488 ex
989 3415 1045 3487 his
1076 3414 1235 3507 duabuS,
1270 3442 1360 3514 quae
1382 3417 1543 3488 nondum

428 3539 466 3610 in
490 3537 557 3609 alio
581 3537 703 3609 codice
724 3538 869 3608 inuenta
891 3559 968 3606 esse
992 3534 1150 3625 uidetur,
1187 3537 1432 3634 apographum
1455 3535 1544 3608 mihi

430 3657 529 3730 misit
550 3655 595 3729 Η.
617 3656 661 3728 A.
684 3656 719 3730 J.
742 3655 916 3742 Munro,
954 3654 1210 3728 scientissimus
1233 3654 1392 3729 Lucretii
1416 3656 1544 3746 editor,

431 3776 532 3851 cuius
555 3802 622 3874 ope
645 3774 825 3873 complura
848 3773 1002 3872 exempli
1023 3774 1203 3849 Baluziani
1224 3776 1310 3849 uitia
1327 3776 1416 3849 mihi
1434 3777 1545 3850 corri-

431 3922 515 3995 gere
535 3896 645 3969 licuit.
669 3895 735 3967 alia
758 3906 811 3968 est
834 3920 936 3967 causa
959 3896 1134 3968 secundae
1157 3895 1337 3994 epistolae.
1365 3898 1452 3971 haec
1474 3897 1545 3969 iam

431 4016 468 4088 in
491 4017 684 4114 appendice
707 4013 847 4088 Codicis
871 4013 1108 4112 Regularum,
1142 4042 1247 4113 quem
1279 4016 1424 4090 Lucas
1447 4016 1545 4089 Hol-

432 4137 622 4208 stenius
646 4133 772 4224 edidit,
806 4133 995 4206 Athanasii
1026 4135 1171 4207 nomine
1206 4136 1379 4235 inscripta
1413 4136 1547 4210 Romae

432 4281 461 4327 a
487 4257 581 4327 1661
606 4264 641 4327 et
662 4255 792 4328 iterum
807 4253 953 4326 Parisiis
978 4281 1006 4325 a.
1033 4257 1128 4327 1663
1155 4256 1298 4353 uulgata
1320 4267 1413 4346 erat,
1437 4257 1547 4354 idque

433 4400 480 4448 ex
501 4373 602 4446 libris
627 4373 908 4471 Cantabrigiensi
930 4373 1037 4471 longe
1059 4375 1278 4449 melioribus.
1310 4379 1370 4450 sed
1395 4403 1439 4450 ne
1461 4377 1548 4451 haec

433 4494 577 4592 quidem
601 4494 710 4566 editio
733 4493 846 4592 prima
868 4494 1036 4592 epistolae
1058 4495 1190 4584 fuerat,
1214 4521 1295 4569 cum
1318 4497 1387 4568 iam
1411 4497 1547 4570 dudum

433 4612 527 4686 inter
559 4612 771 4713 Hieronymi
803 4612 970 4712 epistolas
1000 4613 1094 4687 edita
1123 4628 1234 4705 esset,
1270 4617 1378 4714 idque
1407 4615 1479 4692 iam
1509 4619 1548 4692 in
