3834 5634
455 764 516 830 196
870 760 1017 831 Sulpicii
1038 761 1155 816 Seueri

425 926 507 982 cneo
520 917 658 1002 ignorare
671 918 828 1000 potuimus
842 918 942 984 nescio
957 916 1032 1001 quid
1046 915 1141 982 111666
1155 917 1306 982 diuinum
1335 917 1405 998 post
1419 915 1496 980 duas
1510 913 1572 979 fere

452 1019 540 1086 horas
565 1020 604 1084 ad
627 1036 682 1084 nos
707 1021 858 1086 Martinus
884 1021 1054 1105 egreditur:
1076 1039 1111 1084 ac
1130 1021 1199 1084 tum
1225 1039 1296 1085 eum
1321 1019 1380 1084 iste
1405 1017 1569 1100 Sulpicius,

453 1123 532 1188 sicut
546 1123 628 1205 apud
642 1141 713 1188 eum
727 1140 815 1189 nemo
829 1123 1014 1188 famiHarius
1028 1123 1222 1205 loquebatur,
1245 1122 1344 1204 coepit
1358 1139 1456 1200 orare,
1472 1122 1509 1185 ut
1522 1120 1572 1202 pie

453 1227 665 1309 quaerentibus
689 1227 853 1306 indicaret,
874 1227 949 1309 quid
974 1227 1053 1292 illud
1073 1226 1173 1291 diuini
1193 1226 1302 1291 fuisset
1322 1224 1469 1304 horroris,
1492 1225 1574 1306 quod

452 1328 625 1394 fatebamur
635 1392 637 1397 ,
648 1346 704 1394 nos
729 1331 819 1395 ambo
844 1330 987 1409 sensisse,
1015 1330 1067 1394 uel
1080 1348 1151 1394 cum
1165 1329 1277 1412 quibus
1290 1327 1400 1393 fuisset
1414 1328 1447 1392 in
1461 1327 1572 1392 cellula
1597 1343 1609 1384 ⁵

453 1432 643 1498 conlocutus:
666 1434 789 1498 tenuem
804 1432 953 1499 animnos
969 1433 1086 1497 scihcet
1100 1433 1131 1497 et
1145 1432 1198 1496 uix
1218 1431 1410 1496 intellectum
1430 1429 1574 1495 sermoci-

425 1534 595 1600 4nantium
619 1553 728 1600 sonum
752 1554 806 1618 pro
831 1535 948 1600 foribus
974 1536 1104 1600 audisse.
1127 1536 1197 1599 tum
1221 1535 1275 1600 ille
1300 1533 1354 1598 diu
1379 1533 1575 1614 multumque

454 1639 666 1713 cunctatus-
687 1639 740 1702 sed
764 1638 844 1703 nihil
868 1640 934 1703 erat
959 1639 1040 1721 quod
1066 1638 1095 1702 ai
1120 1637 1274 1719 Sulpicius
1299 1655 1359 1701 non
1384 1636 1574 1718 extorqueret

453 1739 567 1805 inuito:
579 1740 815 1805 >incredibiliora
836 1740 914 1804 forte
939 1740 1077 1805 dicturus
1104 1759 1188 1819 sum,
1212 1741 1264 1804 sed
1284 1737 1404 1804 Christo
1424 1739 1503 1804 teste
1516 1756 1576 1802 non

453 1842 598 1921 mentior,
613 1843 674 1907 nisi
685 1843 848 1925 quisquam
862 1844 909 1906 661
922 1843 989 1907 tam
1003 1843 1183 1926 sacrilegus,
1198 1843 1235 1906 ut
1248 1842 1419 1907 Martinam
1432 1840 1576 1905 aestimet
1585 1857 1610 1898 rc

426 1943 548 2009 sfuisse
568 1945 802 2010 mentitum-t
825 1945 940 2024 dicam
964 1945 1079 2028 inquit,
1101 1946 1204 2025 uobis,
1227 1947 1280 2010 sad
1299 1963 1355 2009 uos
1369 1945 1448 2009 nulli
1463 1961 1573 2026 quaeso

454 2046 579 2111 dicatis:
594 2047 713 2130 Agnes,
730 2047 843 2112 Thecla
856 2049 888 2112 et
901 2048 1001 2112 Maria
1015 2066 1135 2112 mecum
1149 2047 1281 2112 fuerunt.
1304 2047 1452 2134 referebat
1466 2048 1571 2112 summ
1676 2059 1679 2067 “

427 2148 541 2215 anobis
566 2149 689 2215 uultum
714 2151 811 2233 adque
835 2151 979 2215 habitum
993 2150 1193 2234 singularum.
1216 2169 1270 2216 nee
1289 2169 1360 2215 uero
1374 2150 1429 2214 illo
1444 2150 1567 2214 tautum

454 2251 519 2331 die,
533 2253 587 2317 sed
604 2252 776 2336 frequenter
790 2272 822 2318 se
836 2254 875 2318 ab
889 2254 934 2318 eis
949 2253 1103 2318 confessus
1119 2254 1165 2317 est
1179 2252 1315 2318 uisitari:
1338 2254 1466 2317 Petrum
1480 2251 1576 2318 etiam

454 2356 486 2420 et
506 2356 639 2421 Paulum
667 2355 831 2439 Apostolos
851 2357 950 2421 uideri
970 2375 989 2420 a
1009 2375 1040 2421 se
1055 2357 1173 2438 saepius
1187 2373 1248 2422 non
1262 2356 1395 2439 negauit.
1418 2356 1482 2420 iam
1496 2372 1568 2420 uero
1584 2371 1608 2413 a

455 2458 630 2538 daemones,
651 2460 742 2541 prout
756 2459 795 2524 ad
810 2478 880 2524 eum
896 2459 1024 2542 quisque
1038 2459 1186 2537 uenisset,
1209 2458 1273 2523 suis
1287 2457 1463 2523 nominibus
1477 2459 1575 2523 incre·

454 2561 556 2645 pabat.
579 2562 766 2626 Mercurium
790 2562 922 2626 maxime
946 2561 1121 2643 patiebatur
1140 2560 1301 2638 infestum,
1324 2561 1430 2625 Iouem
1448 2560 1577 2625 brutum

428 2673 445 2730 1
455 2664 552 2746 adque
566 2664 707 2728 hebetem
727 2683 790 2729 6666
806 2664 934 2730 dicebat.
957 2665 1031 2729 haec
1055 2664 1207 2746 plerisque
1221 2664 1315 2728 etiam
1335 2663 1368 2727 in
1388 2664 1493 2727 eodem
1508 2680 1575 2727 mo-

454 2766 585 2831 nasterio
600 2767 774 2832 const'tutis
788 2767 981 2832 incredibiha
999 2767 1198 2845 uidebantur,
1221 2767 1334 2831 nedum
1351 2784 1406 2849 ego
1421 2766 1572 2830 confidam

455 2886 574 2947 omnes,
597 2868 649 2951 qui
675 2869 748 2932 haec
772 2869 911 2948 audient,
935 2870 1111 2933 credituros.
1134 2888 1206 2934 nam
1230 2869 1291 2933 nisi
1315 2868 1609 2936 inaestimabilemac

454 2970 553 3034 uitam
579 2971 676 3052 adque
701 2971 850 3035 uirtutem
876 2972 1028 3036 Martinus
1053 2972 1180 3055 egisset,
1202 2990 1393 3054 nequaquam
1419 2971 1500 3052 apud
1521 2988 1576 3036 nos

454 3073 541 3138 tauta
566 3073 664 3156 gloria
687 3074 843 3156 praeditus
857 3074 1028 3138 haberetur.
1051 3094 1237 3156 quamquam
1251 3074 1379 3139 minime
1394 3074 1527 3151 mirum,
1550 3074 1577 3137 si

454 3175 488 3240 in
512 3175 651 3257 operibus
677 3176 803 3241 Martini
828 3176 992 3241 infirmitas
1016 3177 1150 3241 humana
1175 3177 1345 3254 dubitauit,
1369 3194 1439 3240 cum
1454 3177 1577 3240 multos

455 3279 603 3362 hodieque
628 3280 786 3344 uideamus
811 3298 866 3344 nec
890 3280 1067 3364 Euangehis
1093 3280 1265 3353 credidisse,
1288 3279 1457 3344 aMartino
1473 3279 1576 3343 autem

428 3393 543 3465 ssaepe
557 3382 679 3466 angelos
694 3383 776 3446 uisos
791 3381 986 3447 familiariter
1001 3385 1032 3448 61
1046 3382 1195 3447 sensimus
1209 3382 1240 3446 et
1255 3381 1370 3464 experti
1382 3399 1497 3445 sumus.
1513 3399 1577 3444 rem
1585 3407 1608 3448 a

456 3486 618 3550 minimam
643 3487 780 3550 dicturus
818 3504 901 3564 sum,
931 3487 984 3550 sed
1008 3487 1111 3550 tamen
1137 3485 1246 3549 dicam.
1280 3485 1360 3566 apud
1385 3485 1576 3549 Nemausum

455 3589 663 3670 episcoporum
678 3589 809 3671 synodus
823 3588 1007 3667 habebatur,
1030 3589 1070 3653 ad
1095 3607 1186 3669 quam
1212 3587 1336 3670 quidem
1361 3587 1405 3651 ire
1426 3587 1573 3666 noluerat,

456 3691 509 3756 sed
524 3691 597 3772 quid
612 3692 734 3772 gestum
748 3692 827 3755 66661
842 3692 919 3756 scire
934 3692 1084 3772 cupiebat.
1108 3709 1179 3754 casu
1200 3710 1269 3754 eum
1291 3708 1324 3754 eo
1344 3691 1403 3753 1616
1418 3689 1571 3787 Sulpicius

455 3793 635 3876 nauigabat,
652 3794 704 3857 sed
718 3793 838 3875 procul,
854 3796 889 3856 ut
904 3812 1037 3874 semper,
1053 3813 1071 3857 a
1086 3793 1193 3856 ceteris
1208 3794 1240 3857 in
1253 3794 1371 3857 remota
1384 3793 1472 3857 nauis
1487 3794 1573 3874 parta

456 3895 616 3960 residebat.
633 3895 677 3959 ibi
693 3896 834 3978 angelus,
850 3897 924 3978 quid
939 3898 1062 3980 gestum
1077 3896 1155 3959 66661
1169 3896 1202 3959 in
1217 3897 1339 3978 synodo,
1361 3896 1389 3959 ei
1403 3897 1570 3961 nuntiauit.
1584 3912 1608 3952 aa

456 4017 511 4063 nos
535 4000 639 4079 postea
664 3999 784 4080 tempus
810 3998 908 4064 habiti
929 3999 1050 4063 conoihi
1065 3998 1196 4062 sollicite
1210 3998 1395 4080 requirentes
1410 3999 1485 4063 satis
1502 4017 1573 4064 oon·

509 4202 528 4261 3
546 4202 588 4272 pie
609 4202 796 4270 quaerentibus
813 4203 877 4255 BM
880 4203 914 4256 V:
932 4202 1147 4271 perquirentibus
1159 4202 1232 4257 AFo
1301 4202 1318 4259 6
1336 4202 1452 4256 intentes
1466 4203 1537 4256 enim
1552 4203 1579 4257 V

469 4291 481 4359 11
504 4289 607 4344 scilicet
616 4288 653 4342 V:
664 4288 727 4341 licet
739 4289 810 4343 AFe
863 4288 880 4344 9
893 4288 1061 4342 incredibilia
1069 4289 1135 4342 BM
1183 4287 1221 4344 10
1231 4289 1285 4341 nisi
1296 4288 1320 4341 si
1332 4288 1360 4342 B
1375 4289 1387 4356 ΙΙ
1402 4288 1538 4342 existimet
1548 4290 1575 4344 B

515 4376 551 4433 11
569 4375 678 4443 inquam
691 4374 717 4428 V
734 4376 745 4442 ΙΙ
767 4372 837 4427 nulli
848 4374 1042 4442 quaesoAFV:
1059 4390 1155 4442 quaeso
1175 4374 1244 4427 nulli
1263 4391 1279 4427 6
1332 4374 1368 4430 12
1389 4374 1489 4429 dicetes
1503 4376 1530 4429 V
1549 4377 1561 4444 ΙΙ

458 4463 529 4517 tecla
544 4462 603 4515 AF
621 4462 633 4529 Η
655 4461 822 4530 praeferebat
841 4461 871 4513 F
889 4452 892 4458 ’
938 4459 1072 4528 13adque
1093 4477 1141 4514 coc.
1164 4460 1192 4513 A
1210 4476 1253 4528 pr.
1268 4477 1302 4514 m.
1377 4459 1414 4516 18
1431 4461 1461 4515 in
1483 4461 1574 4515 eodem

460 4548 542 4602 etiam
558 4564 575 4602 6
643 4547 681 4602 23
699 4545 835 4600 dubitauit
850 4547 885 4598 V:
904 4545 1069 4599 dubitauerit
1081 4547 1153 4599 AFc
1230 4544 1268 4600 24
1285 4561 1333 4599 nec
1349 4546 1496 4614 euangehis
1509 4547 1575 4601 BV:

460 4651 492 4687 ne
505 4651 543 4686 cu
557 4633 663 4701 quidem
674 4631 772 4701 Asea
825 4631 863 4687 30
880 4631 1018 4686 resedebat
1033 4632 1068 4696 V,
1087 4633 1158 4686 solus
1170 4630 1303 4685 residebat
1315 4633 1379 4686 BM
1395 4634 1407 4700 11
1427 4632 1525 4700 sipost
1536 4631 1576 4686 ibi

461 4717 643 4774 maratana
694 4717 731 4773 31
750 4715 897 4771 consiliiV
