3834 5634
433 697 495 763 132
849 697 997 767 Sulpicii
1015 699 1131 753 Seueri

429 870 447 917 o
469 872 562 937 quam
576 854 681 918 sancta
695 853 732 916 de
746 853 871 918 Domini
886 854 1001 935 pietate
1015 855 1240 936 praesumptio,
1257 855 1290 920 in
1305 874 1364 938 qua
1378 856 1438 921 etsi
1452 858 1558 921 aucto-

401 956 553 1022 sritatem
567 957 718 1037 praestare
737 972 798 1021 non
817 957 872 1038 pot
896 957 936 1035 't,
958 958 1094 1022 ostendit
1108 958 1262 1022 affectum.
1285 959 1317 1023 et
1337 958 1410 1040 quia
1430 960 1468 1025 de
1488 959 1558 1024 dia·

427 1059 496 1124 bolo
511 1059 707 1141 eiusdemque
727 1058 846 1124 artibus
861 1078 960 1124 sermo
984 1061 1105 1125 exortus
1132 1062 1195 1139 est,
1217 1078 1278 1125 non
1302 1061 1340 1126 ab
1362 1079 1395 1126 re
1420 1062 1555 1141 uidetur,

426 1162 500 1227 licet
514 1162 712 1240 extrinsecus,
728 1160 839 1227 referre
853 1163 934 1245 quod
949 1164 1072 1246 gestum
1087 1164 1149 1242 est,
1172 1164 1245 1246 quia
1259 1165 1291 1229 et
1305 1165 1455 1245 quaedam
1469 1165 1502 1230 in
1516 1183 1551 1230 eo

426 1264 553 1330 Martini
568 1264 722 1328 uirtutum
735 1265 834 1346 portio
849 1267 896 1329 est
910 1267 941 1329 et
954 1285 1003 1330 res
1018 1266 1112 1350 digna
1126 1267 1274 1332 miraculo
1288 1268 1369 1332 recte
1383 1269 1548 1334 memoriae
1580 1287 1591 1328 s

379 1356 381 1361 ⁴
426 1368 636 1446 mandabitur,
658 1367 879 1450 inexemplum
893 1369 1036 1448 cauendi,
1058 1370 1175 1452 siquid
1190 1370 1330 1452 deinceps
1345 1371 1466 1453 uspiam
1485 1371 1548 1436 tale

429 1471 604 1554 contigerit.

377 1580 417 1646 23
469 1571 574 1639 Clarus
589 1573 730 1656 quidam,
755 1573 929 1638 adulescens
943 1574 1171 1654 nobilissimus,
1194 1593 1265 1640 mor
1278 1577 1452 1660 presbyter,
1474 1595 1554 1643 nunc

426 1675 510 1743 felici
523 1676 631 1742 beatus
646 1694 783 1755 emesan,
806 1695 877 1741 cum
896 1677 1013 1741 relictis
1034 1669 1176 1742 omnibus
1197 1696 1228 1743 se
1243 1679 1282 1743 ad
1297 1679 1467 1744 Martinam
1481 1698 1553 1745 con-

424 1779 562 1859 tulisset,
584 1779 672 1845 breui
691 1781 827 1863 tempore
847 1781 886 1843 ad
906 1799 1065 1844 summum
1084 1780 1155 1845 fidei
1175 1782 1389 1864 uirtutumque
1404 1782 1542 1847 omnium
1566 1801 1590 1842 ro

397 1882 545 1947 20111101
559 1881 680 1947 enituit.
696 1882 799 1964 itaque
814 1901 885 1946 cum
899 1883 976 1947 haut
989 1884 1079 1967 longe
1093 1884 1154 1948 sibi
1169 1885 1206 1948 ab
1219 1885 1351 1966 episcopi
1362 1885 1553 1949 monasterio

424 1985 655 2051 tabernaculum
669 1985 877 2049 constituisset
890 1986 1043 2067 multique
1063 1986 1144 2067 apud
1165 2006 1238 2051 eum
1252 1986 1365 2069 fratres
1380 2005 1552 2052 commora-

424 2089 544 2168 rentur,
565 2088 686 2153 iuuenis
711 2088 837 2171 quidam
862 2088 901 2152 ed
926 2107 998 2153 eum
1018 2089 1181 2153 Anatolius
1201 2089 1339 2167 nomine,
1362 2089 1418 2153 sub
1434 2089 1552 2172 profes-

424 2190 507 2258 sione
521 2191 662 2256 monachi
676 2192 798 2256 omnem
817 2191 1028 2256 humilitatem
1048 2193 1146 2274 adque
1166 2192 1371 2256 innocentiam
1389 2193 1550 2270 mentitus,

396 2295 550 2360 3110000011
574 2294 786 2377 habitauitque
806 2294 997 2377 aliquamdiu
1017 2295 1050 2360 in
1071 2313 1230 2360 commune
1251 2314 1322 2359 cum
1337 2296 1453 2359 ceteris.
1476 2295 1547 2361 dein
1562 2317 1587 2356 11

422 2397 600 2481 procedam
618 2399 754 2480 tempore
775 2398 898 2481 angelos
923 2398 1005 2480 apud
1035 2416 1067 2461 so
1092 2398 1177 2479 loqui
1197 2398 1291 2462 solere
1316 2397 1446 2462 dicebat.
1471 2416 1542 2462 oum

422 2500 515 2567 fidem
529 2502 633 2567 nullus
647 2502 819 2580 adhiberet,
841 2501 938 2585 signis
965 2489 1149 2584 quibusdam
1173 2500 1332 2583 plerosquo
1352 2502 1391 2565 ad
1416 2501 1551 2565 creden-

421 2604 497 2670 dum
511 2605 673 2669 muniebat.
696 2606 848 2686 postremo
864 2623 898 2668 eo
913 2623 1010 2685 usque
1023 2604 1185 2685 processit,
1201 2605 1237 2667 ut
1251 2603 1331 2667 inter
1345 2622 1377 2667 se
1392 2622 1427 2667 ac
1441 2603 1548 2668 Deum

422 2707 545 2773 nuntios
560 2708 725 2772 discurere
740 2707 940 2788 praedicaret,
957 2707 1079 2789 iamque
1094 2724 1125 2771 se
1139 2726 1237 2771 unum
1246 2725 1286 2798 ’01
1299 2704 1426 2787 profetis
1441 2706 1549 2771 haberi

393 2811 552 2875 4uolebat.
568 2809 674 2875 Clarus
688 2811 792 2874 tamen
806 2828 998 2891 nequaquam
1012 2809 1051 2873 ad
1066 2808 1250 2873 credendum
1264 2809 1333 2892 cogi
1349 2809 1478 2890 poterat.
1494 2809 1548 2874 illo
1560 2829 1585 2872 ro

419 2913 448 2977 01
471 2913 551 2976 iram
575 2911 701 2976 Domini
721 2913 753 2974 et
777 2913 948 2996 praesentes
973 2911 1098 2994 plagas,
1121 2929 1174 2975 cur
1196 2911 1299 2975 sancto
1321 2929 1381 2977 non
1401 2912 1547 2989 crederet,

391 3014 607 3080 boomminari.
629 3015 818 3096 postremum
837 3013 870 3078 in
890 3014 968 3077 hanc
987 3031 1094 3079 uocem
1114 3013 1248 3095 erupisse
1268 3012 1383 3078 fertur:
1406 3033 1473 3078 ecce
1487 3015 1545 3085 hac

417 3118 505 3182 nocte
516 3119 633 3181 uestem
644 3117 722 3180 mihi
734 3116 895 3181 candidam
906 3116 1057 3181 Dominus
1072 3116 1110 3180 de
1125 3117 1207 3180 caelo
1223 3115 1325 3195 dabit,
1342 3135 1402 3199 qna
1417 3117 1543 3190 indutus

418 3221 451 3285 in
465 3220 566 3285 medio
581 3220 719 3285 uestrum
733 3219 921 3284 diuersabor:
937 3219 1030 3302 idque
1044 3219 1132 3282 uobis
1143 3219 1268 3303 signum
1283 3220 1356 3298 erit,
1372 3220 1405 3284 in
1422 3239 1472 3285 me
1487 3219 1546 3285 Dei

391 3327 482 3390 60000
496 3323 659 3401 uirtutem,
675 3322 728 3405 qui
742 3323 801 3388 Dei
815 3323 900 3387 ueste
914 3323 1045 3387 donatus
1068 3322 1137 3387 sim.
1161 3324 1232 3387 tum
1245 3341 1316 3387 uero
1331 3324 1456 3406 grandis
1472 3340 1523 3386 om
1533 3344 1583 3385 -10
1667 3316 1670 3322 ’

417 3427 504 3491 nium
529 3426 569 3491 ad
593 3427 671 3491 hanc
695 3425 912 3508 professionem
937 3426 1114 3507 expectatio.
1140 3426 1245 3507 itaque
1266 3426 1305 3490 ad
1325 3425 1460 3490 mediam
1482 3425 1545 3490 fere

417 3531 538 3594 noctem
561 3528 688 3594 fremitu
708 3531 823 3593 terram
843 3528 1060 3593 insultantium
1081 3529 1266 3592 commoneri
1288 3545 1376 3592 omne
1391 3529 1547 3593 monaste-

417 3633 498 3697 rium
512 3633 577 3696 loco
592 3633 695 3696 uisum
710 3632 770 3695 est:
794 3632 937 3696 cellulam
957 3633 1076 3710 autem,
1100 3651 1160 3713 qua
1179 3631 1262 3694 idem
1276 3632 1455 3695 adulescens
1471 3648 1546 3696 con·

415 3736 584 3814 tinebatur,
607 3735 720 3799 crebris
740 3752 874 3798 cerneres
893 3734 1006 3798 micare
1025 3733 1210 3812 luminibus,
1233 3733 1435 3816 fremitusque
1450 3734 1483 3797 in
1510 3753 1545 3799 ea

415 3839 652 3904 discurrentium
667 3839 697 3902 et
712 3857 852 3901 murmur
866 3837 1020 3920 quoddam
1034 3837 1204 3900 multarum
1219 3854 1331 3901 uocum
1344 3836 1542 3902 audiebatur.
1555 3861 1582 3903 so

468 4074 486 4131 3
499 4074 615 4127 eiusdem
624 4075 654 4128 F
658 4091 703 4142 pr.
714 4091 747 4128 m.
801 4074 818 4130 6
831 4075 891 4142 quit
901 4075 928 4128 V
976 4073 995 4130 8
1007 4074 1115 4142 quidam
1123 4074 1188 4128 ΒΜ
1189 4075 1221 4128 V:
1236 4074 1345 4143 quidam
1353 4075 1458 4129 nominc
1468 4076 1543 4131 AFe

469 4161 504 4217 11
519 4163 566 4214 aut
581 4161 608 4214 V
657 4160 694 4216 12
712 4162 848 4229 aputeum
864 4162 891 4215 V
949 4159 987 4217 13
1005 4160 1227 4214 anatholiusAF
1287 4161 1325 4217 14
1342 4160 1544 4214 omnihumili·

415 4245 769 4315 10100101011100011101Ὶ
819 4245 975 4315 1501010
990 4246 1075 4300 Vel.
1097 4246 1263 4314 1111011117
1312 4246 1348 4302 17
1367 4245 1541 4300 fidemdictis

415 4333 545 4387 nullusA
597 4331 633 4389 18
651 4331 789 4386 coartabat
799 4331 902 4386 BMV:
921 4331 1110 4386 cohortabatur
1121 4332 1193 4386 AFo
1254 4330 1290 4387 19
1308 4332 1416 4385 nuntios
1429 4333 1490 4385 ΒΜ
1495 4332 1540 4385 V:

416 4418 524 4488 angelos
544 4419 628 4483 AFo3
654 4419 794 4472 leotronam
814 4417 921 4471 nuntios
941 4418 1035 4483 firmat
1056 4419 1196 4472 Paulinus
1274 4417 1311 4473 21
1335 4417 1371 4485 01]
1393 4416 1464 4470 enim
1484 4417 1543 4471 FV

465 4505 503 4561 22
520 4506 654 4574 postrema
665 4504 736 4558 AFo
755 4505 767 4572 ΙΙ
788 4503 919 4572 inrupisse
936 4504 963 4557 V
1012 4503 1051 4559 24
1068 4503 1235 4558 deuersabor
1246 4503 1305 4557 AF
1322 4504 1334 4570 ΙΙ
1354 4503 1383 4556 in
1394 4518 1436 4556 me
1448 4501 1492 4556 dei
1504 4504 1543 4556 Μ

417 4588 1103 4659 010001.Βο001.;11011110111ᾫ,1110(101111’0
1154 4588 1192 4646 27
1210 4590 1311 4642 terram
1335 4588 1373 4642 V:
1397 4603 1446 4642 om.
1464 4588 1539 4644 AFo

467 4675 506 4732 28
523 4676 619 4730 cellula
635 4677 661 4731 V
677 4677 689 4745 11
710 4691 762 4745 qua
773 4675 868 4730 AFV:
887 4675 1010 4743 inqueo
