3834 5634
817 711 931 768 Chion.
950 712 973 775 l,
991 710 1111 768 45-47.
1476 714 1518 778 49
1546 738 1550 747 ¹

342 946 344 951 ¹
399 869 542 935 accidisse
563 869 711 949 traditur,
740 868 892 951 siquidem
914 865 1225 957 Idumaeorumfines
1246 866 1343 930 uictor
1364 867 1519 951 ingressus

398 972 480 1038 idola
493 973 597 1057 gentis
611 973 677 1038 eius
692 971 906 1053 assumpserat.
922 969 973 1033 hic
986 987 1097 1033 nouem
1107 987 1200 1033 annos
1210 988 1350 1052 regnasse
1365 971 1546 1050 scribitur,5

397 1077 547 1158 quantum
561 1076 594 1140 in
608 1075 696 1141 libris
711 1076 886 1159 Regnorum
900 1071 1028 1153 repperi.
1048 1070 1107 1136 Sed
1121 1071 1154 1135 in
1168 1072 1407 1154 Paralipomenis
1426 1075 1518 1155 atque

396 1177 491 1243 etiam
513 1178 546 1243 in
574 1177 729 1243 chronicis
762 1195 872 1242 nouem
898 1176 930 1240 et
950 1173 1065 1258 uiginti
1086 1192 1178 1239 annos
1199 1174 1367 1256 imperium¹
1384 1176 1519 1241 tanaim

377 1281 557 1348 :annotatus
579 1282 640 1358 est,
664 1300 699 1346 ea
719 1280 867 1345 nimirum
889 1279 922 1343 id
943 1278 1142 1359 persuadente
1162 1278 1292 1355 ratione,
1318 1297 1394 1359 quae
1415 1279 1448 1343 in
1468 1280 1518 1343 his

397 1383 601 1467 [Regnorum]
612 1383 700 1447 libris
715 1382 805 1448 facile
818 1380 949 1464 perspici
964 1381 1072 1462 potest.
1085 1381 1242 1444 Ierohoam
1256 1380 1338 1444 enim
1348 1400 1399 1446 rex
1413 1381 1517 1445 desem

395 1485 535 1550 tribuum
554 1486 660 1550 octauo
680 1504 758 1550 anno
778 1483 899 1566 imperii
914 1481 1073 1547 Amassiae
1093 1483 1226 1548 traditur
1246 1502 1371 1566 regnare
1385 1484 1518 1565 coepisse

397 1606 552 1670 unumque
560 1589 591 1654 et
598 1588 801 1672 quadraginta
808 1604 900 1651 annos
908 1585 1072 1666 imperium
1081 1585 1228 1649 tenuisse:
1240 1587 1385 1669 regnante
1392 1587 1517 1651 demum

397 1687 478 1769 Ozia,
494 1678 655 1756 Arnassiae
669 1690 743 1769 filio,
758 1690 866 1773 quarto
881 1688 1003 1769 imperii
1018 1687 1083 1752 eius
1097 1706 1173 1752 anno
1188 1707 1253 1753 esse
1267 1688 1435 1753 defunctus.
1457 1698 1544 1772 quae

365 1792 513 1861 roratione
534 1811 583 1858 xx
605 1794 636 1858 et
656 1812 735 1858 v1111
755 1810 846 1857 annos
866 1791 932 1874 regi
951 1789 1111 1854 Amassiae
1132 1789 1240 1854 effecit.
1264 1791 1367 1872 itaque
1386 1809 1441 1856 nos
1460 1792 1517 1856 hoc

397 1895 499 1976 ipsum
514 1895 627 1973 secuti,
648 1895 720 1978 quia
740 1895 889 1959 rationem
909 1895 1083 1974 temporum
1102 1893 1241 1976 persequi
1255 1895 1368 1975 placet,
1389 1894 1516 1960 (throni-

348 1984 355 2005 ⁴
398 2015 500 2061 eorum
515 1998 690 2062 auctoritati
705 1997 895 2062 accessimus.
1351 2060 1353 2065 ,
1407 2006 1411 2012 ·

436 2100 540 2183 Igitur
564 2099 725 2164 Amassiae
756 2098 843 2164 Ozias
869 2098 951 2162 filius
984 2099 1136 2163 successit.
1168 2119 1240 2164 nam
1259 2101 1292 2164 in
1305 2101 1391 2181 parte
1411 2102 1564 2178 decemu

396 2201 534 2267 tribuum
554 2202 622 2266 Ioas
642 2202 725 2267 diem
745 2202 868 2267 functus
883 2202 1024 2266 Ieroboae
1038 2201 1102 2265 filio
1123 2202 1224 2266 locum
1239 2202 1365 2280 fecerat,
1387 2205 1515 2286 postque

366 2318 388 2358 1⁵
396 2303 474 2368 hunc
483 2303 643 2368 Zacharias
657 2304 740 2368 filius
755 2305 819 2369 eius
830 2303 980 2387 regnauit.
996 2303 1105 2367 horum
1118 2321 1172 2368 nos
1187 2323 1294 2387 regum
1308 2305 1542 2388 omniumquea

397 2406 448 2486 qui
462 2405 495 2470 in
509 2407 596 2489 parte
610 2407 715 2471 decem
729 2406 867 2470 tribuum
881 2404 1035 2469 Samariae
1048 2405 1252 2486 praefuerunt,
1267 2408 1437 2471 annotanda
1451 2426 1514 2473 esse

395 2507 532 2590 tempora
546 2527 606 2572 non
619 2509 811 2590 putauimus,
833 2507 904 2589 quia
923 2507 1068 2572 breuitati
1089 2509 1245 2573 studentes
1265 2509 1416 2590 superflua
1435 2511 1514 2574 omi-

396 2610 502 2688 simus,
518 2612 550 2676 et
564 2612 603 2676 ad
618 2611 822 2695 cognitionem
835 2612 1008 2691 temporum
1023 2610 1088 2674 eius
1102 2611 1297 2692 potissimum
1311 2612 1406 2693 partis
1420 2631 1513 2677 annos

396 2713 581 2778 credidimus
602 2714 836 2796 persequendos,
858 2731 934 2795 quae
948 2713 982 2777 in
996 2713 1207 2794 captiuitatem
1221 2714 1370 2796 posterius
1384 2716 1514 2781 abducta

366 2816 541 2896 oprolixius
568 2817 689 2898 tempus
716 2817 749 2881 in
775 2833 867 2900 regno
889 2816 1006 2879 habuit.
1035 2816 1132 2900 igitur
1152 2814 1241 2880 Ozias
1267 2836 1394 2900 regnum
1416 2819 1541 2892 Iudaea

395 2919 522 3000 adeptus
542 2919 734 3001 praecipuam
750 2937 853 2982 curam
867 2918 993 2982 Domini
1008 2914 1205 3002 cognosotndi
1224 2920 1347 2998 habuit,
1369 2921 1512 2987 Zacharia

395 3021 542 3103 propheta
555 3021 724 3102 plurimum
738 3040 825 3084 usus:
850 3020 958 3103 (Isaias
979 3021 1073 3085 etiam
1087 3022 1144 3085 sub
1158 3022 1215 3085 hoo
1229 3023 1364 3104 primum
1384 3022 1513 3106 prophe·

395 3124 473 3189 tasse
487 3123 634 3207 traditur)
655 3142 714 3206 quo
729 3124 838 3188 merito
852 3123 1002 3204 prosperis
1016 3124 1175 3189 ouantibus
1190 3125 1353 3191 aduersum
1366 3127 1513 3193 finitimos

395 3225 475 3291 bella
496 3226 607 3310 gessit,
635 3226 754 3291 Arabas
781 3226 875 3290 etiam
902 3226 1026 3290 deuioit.
1053 3227 1175 3308 iamque
1196 3227 1374 3310 Aegyptum
1400 3233 1541 3305 terrore4

366 3328 526 3394 anominis
546 3329 594 3393 sui
614 3329 817 3406 concusserat,
841 3329 998 3410 elatusque
1017 3329 1155 3393 secundis
1169 3329 1274 3407 rebus,
1296 3330 1406 3396 illicita
1424 3352 1512 3414 prae-

396 3449 527 3510 sumens,
542 3431 698 3497 incensum
712 3433 776 3495 Deo
791 3430 912 3508 obtulit,
933 3431 1015 3513 quod
1029 3431 1101 3495 solis
1115 3429 1212 3495 faeere
1227 3431 1431 3498 sacerdotibus
1446 3454 1512 3500 mos

396 3535 468 3599 erat.
484 3535 587 3616 itaque
601 3553 655 3616 per
669 3534 812 3599 Mariam
827 3534 1013 3598 sacerdotem
1027 3533 1192 3615 increpitus
1207 3551 1277 3598 oum
1291 3534 1356 3599 looo
1370 3537 1512 3604 decedere

498 3737 535 3795 13
552 3738 591 3792 IV
607 3738 671 3808 Reg.
692 3738 736 3797 15.
772 3737 811 3795 20
827 3737 856 3791 Π
872 3737 932 3791 Par.
952 3736 998 3794 26.

446 3909 464 3964 2
481 3909 586 3978 nouem]
606 3909 686 3962 immo
698 3923 814 3972 xxvrrrr,
835 3913 867 3961 ot
887 3908 951 3961 lohrc‘
971 3908 1052 3961 etiam
1063 3908 1112 3962 IV
1124 3909 1189 3977 Rep.
1208 3913 1283 3977 14,2
1298 3911 1413 3979 hobeet5
1430 3914 1465 3979 cf.
1479 3913 1513 3966 de

397 3995 482 4048 Proto
495 3994 532 4048 od
543 3996 567 4049 t.
581 3995 597 4048 t.
656 3994 674 4052 5
692 3995 834 4047 annotatus
846 3995 893 4046 est.
912 3993 952 4046 iia
964 3993 1002 4046 P:
1021 3995 1177 4046 annotatum
1188 3996 1236 4047 est.
1254 3995 1321 4048 nto
1384 3996 1402 4054 6
1419 4013 1513 4066 regno-

397 4080 464 4149 rum]
483 4079 671 4135 chronicorum
683 4079 717 4133 de
729 4080 831 4146 Proto,
849 4094 898 4132 oos
910 4094 1050 4147 regnorum
1061 4079 1222 4133 inclusimus
1243 4082 1255 4147 ΙΙ
1277 4081 1295 4134 J
1296 4081 1416 4136 eroboam
1428 4084 1468 4151 P,
1480 4091 1512 4139 ot

398 4166 463 4219 cosei.
477 4165 618 4219 Heraios:
635 4165 753 4218 Joramb
805 4164 822 4219 7
840 4163 944 4232 octauo]
956 4178 1033 4216 xum
1045 4163 1079 4216 de
1090 4165 1179 4218 Proto
1190 4180 1251 4218 cam
1260 4165 1378 4222 Eorsehw
1389 4168 1439 4236 (xv
1445 4171 1511 4239 Res.

397 4250 448 4318 IV,
461 4254 504 4318 14,
517 4251 567 4319 23)
618 4250 636 4307 9
649 4249 755 4318 quarto]
768 4255 797 4303 at
808 4267 834 4303 oo.
849 4249 882 4303 de
893 4249 982 4303 Proto
998 4250 1010 4315 ΙΙ
1027 4264 1084 4301 esse
1095 4249 1234 4303 defunctus
1243 4251 1282 4304 P:
1293 4251 1432 4307 defunctus
1444 4257 1512 4308 esth

448 4334 581 4392 toenio:
592 4336 659 4403 (seit.
673 4335 808 4389 mettas
819 4335 851 4388 ta
868 4334 980 4401 Chroo.)
992 4335 1061 4388 cooi.
1075 4334 1108 4388 do
1119 4336 1208 4390 Proto
1261 4337 1297 4393 12
1315 4339 1474 4393 auctoritate
1485 4341 1514 4394 P

448 4420 484 4478 13
502 4419 580 4477 Ozias
592 4423 637 4489 (at
649 4427 688 4475 eet
699 4421 791 4487 cefro)
803 4420 837 4474 de
849 4420 949 4473 Proto:
962 4418 1027 4474 Onia
1045 4419 1086 4473 Pb
1150 4421 1188 4476 14
1205 4421 1324 4475 ieroboae
1338 4424 1376 4477 P:
1394 4425 1512 4479 Joramb

386 4505 434 4564 '15
446 4507 503 4560 eius
514 4505 620 4560 filiusb
673 4505 709 4563 19
722 4505 851 4560 credimus
864 4505 918 4567 Pb,
931 4521 978 4558 cm.
992 4504 1126 4559 deProto
1177 4507 1215 4562 22
1226 4507 1348 4562 Esaiasb
1399 4510 1512 4567 23661]-

397 4590 508 4646 tibusP
529 4593 541 4661 ΙΙ
563 4591 716 4646 aduersust
767 4590 805 4648 26
823 4607 878 4656 mos
896 4591 934 4644 P:
952 4590 1027 4644 fasb
1078 4591 1116 4646 27
1134 4607 1192 4645 cum
1210 4608 1271 4646 roos:
1290 4609 1346 4647 com
1363 4596 1391 4649 P
1406 4596 1512 4665 (Itaque

398 4691 512 4747 comper
524 4677 555 4731 A.
569 4709 601 4716 —
615 4693 644 4731 eo
656 4677 713 4731 loco
726 4678 752 4746 t)

1288 4765 1310 4829 4
