3834 5634
804 758 968 827 Dialogus
986 758 1007 822 Ι,
1026 757 1146 817 23-25.
1470 761 1530 824 177

411 913 620 995 inpedimento
635 913 741 991 libori,
765 914 847 978 caelo
873 915 998 978 tantum
1025 913 1123 995 adque
1138 916 1255 997 angelis
1271 915 1418 993 testibus,
1441 913 1531 996 plane

411 1015 607 1079 admirabilia
633 1016 779 1080 docentur
804 1017 938 1097 operari:
973 1017 1032 1081 iste
1053 1017 1086 1079 in
1106 1017 1207 1082 medio
1223 1019 1310 1082 coctu
1325 1019 1356 1081 11
1370 1023 1559 1082 conuersa-3

409 1117 491 1182 tione
506 1117 702 1199 populorum,
725 1118 807 1182 inter
821 1118 946 1182 clericos
967 1118 1164 1198 dissidentes,
1187 1120 1268 1185 inter
1288 1121 1443 1203 episcopos
1463 1138 1530 1184 sae-

409 1221 543 1297 uientes,
567 1239 638 1284 cum
652 1219 716 1284 fere
731 1221 893 1285 cotidianis
910 1221 1062 1285 scandalis
1082 1223 1153 1286 hinc
1175 1223 1273 1304 adque
1287 1223 1358 1286 inde
1377 1241 1530 1304 premere-

386 1323 474 1400 ntur,
497 1322 727 1404 inexpugnabili
742 1323 846 1387 tamen
862 1322 1008 1387 aduersus
1023 1325 1126 1388 omnia
1140 1324 1256 1388 uirtute
1276 1323 1423 1389 fundatus
1443 1326 1531 1388 stetit

408 1427 440 1489 et
460 1425 548 1489 tanta
563 1426 705 1507 operatus
721 1426 781 1503 est,
805 1427 919 1506 quanta
939 1444 977 1489 ne
997 1425 1045 1488 illi
1065 1427 1204 1507 quidem,
1228 1444 1302 1508 quos
1323 1427 1529 1491 1111111111-

408 1547 477 1591 mus
493 1545 558 1591 esse
573 1527 605 1591 in
620 1544 720 1591 cremo
736 1527 787 1592 uel
801 1527 911 1605 fuisse,
934 1526 1080 1593 fecerunt.
1105 1548 1140 1593 ac
1161 1530 1188 1593 si
1208 1529 1256 1592 illi
1276 1531 1362 1611 paria
1375 1529 1559 1608 fecissent,4

407 1630 477 1712 quis
499 1629 591 1694 iudex
612 1631 679 1694 tam
702 1631 781 1694 esset
803 1630 951 1707 iniustus,
975 1632 1011 1695 ut
1031 1648 1088 1698 non
1106 1633 1204 1696 istum
1220 1651 1284 1697 csse
1299 1632 1450 1715 potiorem
1464 1652 1529 1697 me-

406 1733 468 1796 rito
483 1732 655 1796 iudicaret?
677 1734 753 1814 puta
768 1732 850 1796 eninr
870 1733 968 1796 istum
988 1733 1083 1798 iuuisse
1097 1734 1247 1812 militem,
1271 1735 1324 1816 qui
1344 1735 1529 1817 pugnauerit

370 1836 439 1900 acin
453 1835 558 1916 iniquo
572 1835 638 1899 loco
655 1836 686 1899 11
700 1837 806 1899 tamen
820 1835 919 1898 uictor
940 1837 1088 1914 suaserit,
1110 1836 1181 1901 illos
1207 1837 1311 1901 autem
1338 1855 1432 1918 aeque
1458 1855 1529 1901 con·

406 1955 482 2020 pone
497 1938 666 2015 militibus,
685 1937 738 2001 sed
753 1937 806 2018 qui
821 1956 857 2000 11
872 1956 967 2019 aequo
982 1938 1048 2003 loco
1063 1940 1118 2002 aut
1133 1939 1227 2003 etiam
1243 1939 1280 2003 dc
1295 1939 1449 2021 superiore
1463 1958 1529 2003 cer-

405 2040 551 2104 tauerint.
581 2039 655 2120 quid
681 2042 775 2121 ergo?
798 2040 856 2105 etsi
877 2041 1015 2104 omnium
1036 2060 1097 2104 una
1111 2041 1242 2105 uictoria
1257 2043 1319 2118 est,
1341 2060 1401 2105 non
1425 2042 1556 2123 potesta

405 2143 544 2207 omnium
559 2160 624 2206 esso
639 2161 695 2224 par
709 2140 817 2224 gloria.
834 2144 939 2206 tamen
953 2161 1025 2206 oum
1036 2142 1191 2224 praeclara
1203 2143 1360 2221 retuleris,
1376 2163 1394 2207 a
1408 2144 1528 2208 nomine

404 2245 542 2310 retulisti
567 2245 724 2309 mortuum
750 2244 950 2309 suscitatum:
988 2261 1048 2325 quo
1062 2263 1122 2309 uno
1137 2245 1244 2325 utiquo
1258 2264 1379 2309 necasse
1394 2247 1441 2309 est
1456 2264 1527 2310 oon-

368 2347 486 2413 15111611
512 2347 646 2411 Martino
670 2347 825 2411 neminem
851 2345 1075 2411 conferendum.
1104 2348 1217 2411 namsi
1233 2347 1448 2410 admirandum
1469 2348 1577 2425 estat

403 2450 484 2532 quod
498 2449 590 2513 illum
605 2449 797 2532 Aegyptium
821 2448 947 2512 flamma
972 2468 1030 2513 non
1057 2449 1186 2531 adtigit,
1208 2450 1260 2512 hic
1274 2467 1392 2530 quoquo
1407 2449 1527 2529 saepius

402 2552 570 2633 imperauit
595 2551 752 2616 incendiis.
777 2552 803 2615 si
824 2550 964 2615 reuoluas
985 2552 1065 2631 quod
1086 2551 1275 2616 anachoretis
1290 2551 1397 2616 feritas
1411 2551 1527 2616 bestia-

402 2674 473 2718 rum
484 2655 568 2718 uicta
581 2653 757 2731 succubuit,
783 2654 833 2717 hic
855 2652 1052 2717 familiariter
1068 2655 1099 2717 11
1110 2654 1228 2718 rabiem
1238 2653 1407 2718 bestiarum
1420 2655 1451 2718 et
1463 2673 1527 2718 ser-

402 2758 543 2838 pentium
557 2775 673 2821 uenena
689 2756 869 2837 conpescuit.
898 2754 1007 2837 quodsi
1021 2756 1112 2819 illum
1128 2755 1279 2834 conferas,
1304 2757 1356 2837 qui
1370 2756 1555 2827 inmundisn

368 2859 566 2942 aspiritibus
588 2859 726 2923 obsessos
752 2857 838 2922 uerbi
865 2857 995 2939 imperio
1022 2859 1188 2922 autetiam
1201 2858 1395 2923 fimbriarum
1409 2859 1525 2923 uirtute

403 2962 548 3038 curabat,
571 2981 608 3026 nc
634 2962 667 3025 in
693 2960 751 3025 hac
778 2960 902 3041 quidem
927 2962 1016 3043 parte
1039 2960 1215 3025 inferiorem
1235 2961 1330 3027 fuisse
1356 2962 1527 3026 Martinam

402 3064 503 3128 multa
518 3065 700 3128 documenta
716 3065 796 3127 sunt.
821 3063 848 3126 si
874 3063 970 3126 etiam
997 3064 1036 3127 ad
1062 3063 1153 3128 illum
1178 3082 1330 3142 recurras,
1353 3065 1406 3146 qui
1432 3065 1553 3138 1111113

402 3166 467 3232 suis
494 3185 549 3249 pro
574 3168 661 3231 ueste
676 3166 832 3230 contectus
847 3165 1016 3246 putabatur
1031 3165 1070 3228 ab
1086 3166 1203 3249 angelis
1218 3167 1356 3244 uisitari,
1380 3185 1450 3231 cum
1465 3167 1525 3230 isto

402 3269 505 3352 angeli
532 3268 642 3332 cotidie
667 3267 879 3349 loquebantur.
902 3267 967 3331 iam
982 3285 1053 3331 uero
1069 3268 1214 3333 aduersus
1234 3270 1408 3332 uanitatem
1428 3267 1554 3349 adque4

368 3396 393 3436 1
402 3371 584 3436 iactantiam
597 3371 643 3435 ita
657 3371 809 3435 inuictum
825 3369 971 3452 spiritum
985 3370 1097 3451 gessit,
1113 3372 1149 3433 ut
1160 3370 1215 3433 illa
1226 3370 1306 3433 uitia
1316 3369 1426 3433 fortius
1437 3386 1525 3433 nemo

403 3473 634 3555 contempserit,
657 3493 728 3538 cum
754 3472 878 3554 quidem
902 3471 1059 3535 inmundis
1085 3472 1245 3554 spiritibus
1267 3471 1396 3536 adflatos
1417 3471 1525 3535 absens

402 3577 582 3660 plerumque
607 3576 774 3653 curauerit,
797 3593 852 3639 nec
878 3574 978 3638 solum
1004 3574 1168 3638 comitibus
1194 3576 1248 3638 aut
1272 3572 1448 3657 praefectis,
1472 3573 1525 3637 sed

400 3680 478 3762 ipsis
494 3679 590 3742 etiam
604 3679 729 3761 regibus
743 3678 918 3760 imperaret.
942 3677 1108 3740 minimum
1122 3678 1155 3741 id
1176 3659 1299 3758 quidem
1314 3678 1346 3740 in
1360 3677 1445 3740 illius
1460 3677 1524 3740 uir-

401 3782 541 3859 tutibus,
566 3782 619 3846 sed
635 3781 739 3845 credas
754 3781 865 3857 uelim,
887 3799 947 3843 non
963 3779 1063 3843 solum
1076 3781 1224 3858 uanitati,
1246 3780 1298 3844 sed
1314 3779 1414 3844 causis
1429 3779 1524 3843 etiam

366 3913 391 3953 so
402 3885 500 3966 adque
515 3885 723 3949 occasionibus
744 3882 893 3947 uanitatis
913 3883 1067 3946 neminem
1082 3881 1193 3946 fortius
1209 3901 1402 3964 repugnasse.
1426 3900 1550 3964 parua5

401 3988 541 4069 quidem,
565 3987 618 4052 sed
632 4006 692 4051 non
706 3985 926 4067 praetereunda
942 3985 1081 4048 dicturus
1096 4004 1175 4062 sum,
1191 3984 1263 4064 quia
1277 3986 1309 4048 et
1323 3983 1377 4048 ille
1391 3984 1521 4048 laudan-

401 4090 457 4154 dus
473 4090 536 4168 est,
561 4090 614 4170 qui
629 4108 751 4153 summa
765 4087 922 4171 praeditus
937 4088 1089 4169 potestate
1104 4089 1170 4150 tam
1185 4086 1362 4168 religiosam
1376 4087 1415 4151 ad
1434 4105 1521 4151 reue-

452 4292 667 4360 tiante]atcB
688 4297 713 4344 et
734 4291 797 4344 Alo.
883 4290 1027 4360 9puth
1106 4290 1353 4357 1011111111
1377 4304 1474 4357 acquae
1499 4290 1525 4342 V

401 4377 436 4434 11
450 4378 491 4445 de]
504 4378 537 4430 ad
553 4378 580 4431 V
629 4377 666 4433 13
683 4377 800 4430 omniurn
813 4392 868 4428 ceso
878 4377 941 4429 ΒΜ
944 4377 981 4430 V:
991 4376 1109 4428 omnium
1122 4393 1171 4429 oro.
1187 4375 1257 4431 are
1275 4381 1283 4441 1
1301 4378 1390 4428 tamen
1399 4374 1521 4443 AFQV:

400 4465 427 4516 et
441 4465 559 4517 tamone
630 4463 667 4519 14
684 4463 776 4530 utique
790 4462 827 4516 V:
852 4462 944 4529 utique
958 4463 986 4514 tc
999 4462 1072 4514 AFo
1144 4461 1181 4517 18
1198 4460 1352 4515 ranicmV
1418 4460 1521 4516 20111

399 4548 523 4617 AFQV:
542 4565 602 4602 aco
654 4549 691 4605 22
710 4548 858 4602 decimenta
877 4548 928 4615 Vll
945 4547 1027 4600 sactis
1038 4547 1107 4600 AV:
1119 4547 1183 4600 setis
1196 4546 1240 4600 Fo
1292 4545 1330 4601 23
1348 4547 1458 4613 putatur
1467 4544 1525 4598 AF

452 4633 489 4690 27
511 4633 615 4687 curauit
631 4635 658 4688 V
705 4634 744 4690 28
754 4633 892 4702 imperarit
909 4633 948 4700 B,
964 4633 1182 4700 imperabatur
1193 4634 1206 4701 ΙΙ
1223 4632 1297 4685 illius
1307 4633 1373 4685 BV:
1384 4631 1522 4686 illisAFo

452 4719 490 4775 29
509 4719 640 4772 uanitatis
654 4720 679 4774 V

1279 4806 1318 4868 12
