3834 5634
398 746 439 810 62
820 738 966 808 Sulpicii
984 738 1100 792 Seueri

366 900 514 968 odarum.
538 897 618 979 quod
639 913 709 960 mox
729 897 925 959 consecutum
946 896 1001 959 est.
1025 914 1098 960 nam
1118 895 1225 959 eadem
1245 896 1334 959 nocte
1355 892 1523 958 Balthasar

397 1000 532 1078 interiit,
548 1018 677 1082 regnum
693 997 758 1063 eius
769 997 882 1062 Darius
896 997 1020 1062 natione
1034 997 1143 1061 Medus
1158 997 1334 1080 occupauit:
1354 995 1523 1061 Danielum

396 1103 512 1168 illustri
528 1101 666 1184 opinione
682 1102 872 1183 compertum
893 1100 1034 1164 uniuerso
1049 1100 1177 1183 imperio
1192 1099 1382 1183 praeposuit,
1398 1100 1523 1163 secutus

397 1205 587 1288 superiorum
602 1222 711 1287 regum
724 1203 883 1267 iudicium.
904 1222 978 1267 nam
999 1205 1030 1267 et
1044 1202 1321 1268 Nabuchodonosor
1342 1221 1414 1266 eum
1428 1218 1522 1285 regno

396 1307 585 1392 praefecerat
600 1309 631 1371 et
645 1305 811 1370 Balthasar
825 1307 910 1370 ueste
924 1325 1078 1388 purpurea
1097 1309 1129 1370 et
1143 1307 1250 1387 torque
1268 1322 1358 1370 aureo
1373 1304 1523 1369 donatum
1545 1316 1557 1356 ⁵

396 1411 527 1476 tertium
541 1409 628 1493 regni
643 1409 813 1491 principem
828 1408 1040 1473 constituerat.

365 1512 386 1575 7
440 1513 543 1596 Igitur
568 1512 617 1590 hi,
640 1511 693 1593 qui
715 1531 776 1576 una
802 1532 872 1577 curn
898 1528 932 1575 eo
953 1531 1057 1576 rerum
1079 1512 1219 1593 potentes
1245 1512 1347 1587 erant,
1370 1507 1524 1592 exagitati

397 1615 526 1693 inuidia,
535 1616 616 1697 quod
625 1615 669 1679 eis
681 1615 852 1698 alienigena
863 1614 1005 1697 captiuae
1016 1614 1117 1697 gentis
1128 1613 1238 1678 fuisset
1249 1614 1408 1694 aequatus,
1417 1630 1525 1695 regem

398 1720 602 1801 deprauatum
617 1717 793 1782 adulatione
808 1717 1010 1800 compellunt,
1032 1720 1068 1780 ut
1089 1717 1149 1780 sibi
1164 1716 1271 1781 diebus
1286 1715 1432 1798 proximis
1448 1733 1524 1778 xxx

398 1820 498 1884 diuini
511 1820 638 1883 honores
654 1821 813 1897 darentur,
835 1839 931 1901 neque
949 1819 1092 1901 cuiquam
1106 1819 1213 1884 liceret
1228 1820 1328 1883 Deum
1342 1818 1403 1882 nisi
1418 1837 1525 1901 regem
1534 1840 1558 1880 ro

399 1922 525 2006 precari.
550 1921 640 1986 facile
655 1922 687 1986 id
701 1922 796 1986 Dario
811 1941 1000 2004 persuasum,
1023 1922 1161 1986 stultitia
1174 1940 1283 2005 regum
1297 1921 1450 1998 omnium,
1469 1920 1524 2002 qui

368 2033 388 2088 2
400 2025 459 2088 sibi
474 2024 580 2088 diuina
594 2024 761 2089 uindicant.
778 2025 877 2107 igitur
891 2024 1003 2089 Daniel
1018 2042 1078 2087 non
1092 2025 1178 2088 rudis
1192 2043 1290 2106 neque
1304 2023 1434 2101 inscius,
1457 2023 1523 2087 Deo

398 2146 517 2211 preces,
540 2144 600 2190 non
614 2127 731 2191 homini
745 2127 938 2204 deferendas,
954 2145 1023 2190 reus
1039 2127 1237 2191 constituitur
1252 2127 1351 2191 edicto
1366 2126 1449 2209 regis
1463 2143 1525 2190 non

399 2229 545 2312 paruisse.
562 2229 756 2310 multumque
772 2229 922 2293 abnuente
936 2229 1041 2307 Dario,
1058 2229 1108 2293 cui
1122 2249 1210 2294 carus
1225 2231 1427 2312 acceptusque
1442 2246 1524 2293 sem·

369 2343 454 2416 aper
475 2330 590 2408 fuerat,
613 2332 764 2414 principes
786 2333 954 2414 peruicere,
982 2334 1018 2395 ut
1039 2332 1072 2395 in
1094 2332 1195 2397 lacum
1217 2332 1441 2397 demitteretur.
1471 2331 1525 2395 sed
1533 2343 1558 2383 1⁵

400 2435 518 2498 obiecto
532 2434 639 2497 bestiis
654 2435 774 2498 nullum
788 2435 959 2517 periculum
974 2434 1043 2498 fuit.
1070 2436 1150 2516 quod
1165 2455 1235 2501 oum
1250 2455 1301 2499 rex
1316 2433 1524 2517 comperisset,

400 2538 591 2601 accusatores
606 2537 748 2619 deputari
763 2537 900 2602 leonibus
920 2537 1090 2620 praecepit:
1113 2538 1165 2619 qui
1186 2556 1246 2601 non
1269 2537 1364 2601 simili
1386 2535 1525 2619 exemplo

400 2638 553 2722 perfuncti
574 2640 660 2703 sunt:
682 2659 754 2703 nam
775 2641 916 2704 continuo
937 2640 1077 2704 deuorati
1097 2639 1231 2704 ferarum
1252 2640 1367 2704 famem
1381 2639 1525 2722 expleue-

367 2743 481 2805 4runt.
505 2740 616 2805 Daniel
631 2741 730 2804 clarus
745 2745 816 2805 ante
832 2742 942 2806 clarior
956 2742 1077 2807 haberi:
1101 2763 1153 2806 rex
1174 2743 1333 2824 antiquato
1354 2742 1454 2807 edicto
1470 2759 1525 2806 suo

398 2861 513 2906 nouum
528 2844 695 2925 proposuit,
711 2844 827 2908 relictis
843 2844 994 2909 erroribus
1010 2865 1045 2910 ao
1060 2846 1328 2928 superstitionibus
1345 2847 1447 2909 Deum
1458 2845 1559 2909 Da-ro

371 2944 488 3012 5nielis
504 2944 671 3008 colendum.
686 2949 794 3010 extant
809 2947 904 3011 etiam
918 2947 1051 3013 uisiones
1066 2949 1140 3025 eius,
1151 2948 1261 3030 quibus
1274 2947 1525 3030 consequentium

400 3046 590 3111 saeculorum
605 3048 741 3112 ordinem
756 3049 923 3126 reuelauit,
939 3070 1087 3114 annorum
1102 3051 1196 3115 etiam
1211 3071 1374 3115 numerum
1389 3050 1492 3133 compl
1509 3085 1525 3097 -

400 3168 464 3226 xus,
474 3149 557 3213 intra
567 3168 657 3230 quem
670 3149 835 3229 Christum,
848 3152 928 3216 sieut
943 3152 1061 3217 lactum
1076 3155 1132 3231 est,
1145 3155 1359 3218 descensurum
1371 3154 1410 3218 ad
1424 3155 1525 3218 terras

371 3251 611 3336 epronuntiauit
626 3255 849 3335 uentorumque
863 3254 1090 3320 Antichristum
1106 3255 1268 3321 manifeste
1280 3257 1427 3339 exposuit.
1444 3256 1526 3338 quod

402 3355 428 3418 si
443 3355 496 3436 qui
511 3355 675 3419 studiosior
690 3357 758 3434 erit,
774 3358 888 3422 rectius
903 3358 947 3421 ibi
963 3359 1134 3439 quaesitum
1151 3360 1296 3442 reperiet:
1312 3359 1398 3423 nobis
1414 3376 1526 3442 propo·
1536 3378 1559 3420 a

401 3458 496 3522 situm
513 3460 559 3522 est
579 3478 681 3523 rerum
702 3462 824 3524 tantum
846 3461 983 3524 ordinem
998 3464 1162 3526 contexere.
1183 3463 1296 3526 Darius
1311 3461 1527 3545 duodeuiginti

403 3579 494 3624 annos
503 3580 645 3644 regnasse
654 3563 803 3626 traditur:
816 3583 875 3644 qua
883 3566 1067 3646 tempestate
1073 3563 1225 3647 Astyages
1231 3565 1331 3629 Medis
1342 3564 1525 3646 imperabat.

375 3677 392 3738 8
444 3663 535 3726 Hunc
556 3662 667 3745 Cyrus,
701 3684 736 3727 ex
756 3665 821 3729 filia
847 3684 939 3747 nepos
971 3667 1050 3743 eiua,
1084 3684 1176 3749 regno
1198 3668 1329 3749 expulit,
1361 3665 1528 3731 Persarum

403 3782 476 3827 usus
492 3766 600 3828 armis:
622 3766 701 3829 unde
716 3785 836 3831 summa
851 3768 973 3850 imperii
994 3770 1033 3832 ad
1048 3770 1157 3833 Persas
1179 3771 1329 3834 translata
1344 3772 1399 3833 est.
1422 3769 1528 3851 Baby-

376 3867 478 3938 2lonii
501 3886 619 3948 quoque
641 3868 673 3930 in
695 3871 879 3951 potestatem
902 3871 1109 3952 ditionemque
1132 3872 1196 3936 eius
1219 3891 1398 3937 concessere.
1428 3871 1529 3954 igitur
1537 3891 1562 3930 ao

509 4086 545 4141 21
565 4086 631 4141 Dan.
653 4089 752 4146 7—10.
790 4091 827 4147 28
846 4092 912 4144 Esra
932 4092 956 4146 1.
976 4091 1029 4144 Jer.
1049 4093 1094 4150 25.
1115 4093 1142 4144 Π
1160 4093 1220 4146 Par.
1240 4094 1285 4149 36.

457 4277 654 4344 2reguumque
673 4278 687 4330 b
705 4280 722 4345 ll
745 4279 916 4333 Danielemb
974 4280 1107 4336 Sinuidia
1130 4282 1281 4335 Giscliaas:
1309 4281 1415 4347 iniudea
1434 4281 1472 4344 P,
1501 4280 1530 4332 in

406 4361 533 4416 Judaeab
580 4362 598 4418 9
611 4363 770 4431 compellant
782 4366 898 4419 molebat
908 4366 1035 4420 chrato
1044 4367 1100 4420 coll.
1113 4367 1209 4420 Seueri
1218 4367 1283 4420 dict.
1294 4370 1322 4434 2,
1336 4371 1353 4420 6
1401 4366 1440 4422 10
1451 4366 1530 4419 deum

408 4449 445 4511 P,
464 4453 496 4500 ut
514 4448 627 4500 coniecit
646 4448 679 4501 dc
697 4450 796 4503 Proto:
815 4451 990 4505 Dominumb
1051 4453 1086 4507 11
1106 4452 1133 4505 id
1151 4452 1233 4505 olario
1252 4455 1280 4506 P
1347 4451 1383 4508 18
1401 4452 1487 4505 ieram
1505 4452 1532 4505 P

460 4533 496 4589 19
515 4532 608 4585 haberi
633 4535 677 4586 P:
704 4534 796 4587 haberi
821 4537 939 4604 coepitb
963 4538 975 4605 ΙΙ
999 4537 1143 4605 aritiquato
1162 4539 1189 4590 P
1251 4539 1290 4594 24
1307 4537 1478 4592 anticristum
1504 4538 1532 4591 P

409 4618 497 4755 d25
516 4618 639 4756 siunisb
692 4620 730 4675 26
748 4620 798 4673 duo
811 4621 893 4674 dcxx
906 4623 933 4675 P
992 4623 1030 4677 27
1049 4622 1168 4691 astyagis
1187 4624 1215 4677 P
1274 4623 1313 4679 30
1329 4625 1491 4691 potestatem
1503 4623 1530 4676 et

396 4703 563 4770 .itionemq.
1481 4733 1483 4735 >
