3834 5634
415 723 458 790 50
834 715 983 784 Sulpicii
1001 715 1116 770 Seueri

415 875 572 961 cogeretur
592 875 682 956 atque
702 873 735 936 in
756 872 835 936 iram
855 870 1029 948 exarsisset,
1052 871 1137 953 lepra
1156 872 1296 954 oppletus
1316 872 1455 937 decessit.
1480 891 1540 954 quo

414 979 520 1043 morbo
535 976 660 1041 affectus
676 975 743 1039 uita
757 974 879 1038 functus
895 975 951 1051 est,
970 992 1041 1037 oum
1055 975 1210 1058 regnasset
1221 993 1313 1040 annos
1328 976 1388 1039 duo
1403 976 1435 1039 et
1449 975 1540 1058 quin-

386 1081 570 1164 5quaginta.
587 1097 715 1162 regnum
724 1077 795 1142 inde
803 1076 927 1141 loathae
935 1075 999 1140 filio
1009 1077 1132 1141 datum:
1147 1077 1234 1159 isque
1243 1078 1410 1142 admodum
1417 1079 1540 1142 sanctus

415 1183 510 1248 fuisse
524 1181 657 1246 traditur
670 1197 868 1261 prospereque
883 1179 1048 1260 imperium
1062 1180 1305 1244 administrauit:
1322 1183 1446 1263 gentem
1460 1179 1541 1245 Am-

415 1285 601 1350 monitarum
623 1283 703 1347 bello
725 1282 839 1346 uictam
867 1282 1055 1363 stipendium
1081 1284 1233 1364 praestare
1261 1283 1370 1366 coegit.
1397 1283 1541 1367 regnauit
1562 1301 1575 1340 a

415 1389 519 1453 autem
534 1386 620 1451 annis
636 1404 698 1468 xqr
713 1385 871 1465 eidemque
885 1384 988 1448 thaz
1003 1384 1086 1449 filius
1101 1385 1254 1450 successit.

365 1510 406 1573 43
459 1489 593 1555 Celebris
624 1488 702 1552 circa
732 1487 807 1552 haec
836 1487 974 1568 tempora
997 1487 1209 1552 Niniuitamm
1238 1487 1313 1552 fides
1342 1488 1485 1553 traditur.
1508 1487 1541 1552 id

416 1593 563 1676 oppidum
578 1590 653 1654 olim
668 1590 705 1654 ab
721 1589 845 1666 Assure,
862 1587 932 1654 Sem
947 1589 1021 1667 filio,
1037 1590 1194 1658 conditum
1209 1591 1300 1672 caput
1314 1590 1401 1674 regni
1415 1589 1541 1674 Assyri-

417 1714 505 1760 orum
519 1694 596 1771 fuit,
619 1692 759 1774 frequens
779 1693 848 1756 tum
868 1692 1067 1757 incolentium
1081 1692 1290 1770 multitudine,
1306 1694 1389 1757 alens
1403 1693 1542 1756 uirorum

388 1798 505 1870 emilia
526 1797 592 1861 cet
607 1814 656 1859 xx
678 1796 769 1876 atque
789 1796 825 1858 ut
845 1795 877 1857 in
897 1812 1008 1878 magno
1029 1795 1140 1876 populo
1162 1796 1317 1859 abundans
1345 1794 1442 1859 uitiis.
1460 1799 1467 1852 l
1473 1795 1542 1877 quis
1551 1815 1576 1854 lo

417 1901 500 1964 Deus
512 1899 614 1962 motus
622 1897 729 1961 Ionam
740 1896 918 1978 prophetam
932 1916 967 1961 ex
974 1896 1088 1961 Iudaea
1098 1897 1142 1961 ire
1153 1897 1307 1978 praecepit
1317 1915 1352 1961 ac
1364 1897 1543 1962 denuntiare

418 2002 487 2066 urbi
510 1999 676 2076 excidium,
704 1999 784 2062 sicut
805 1999 881 2062 olim
903 1996 1033 2062 Sodoma
1055 2001 1086 2063 et
1107 1998 1253 2064 Gomorra
1280 2000 1393 2064 diuinis
1419 1999 1543 2083 ignibus

390 2102 661 2186 3conflagrassent.
685 2120 793 2165 uemm
812 2100 959 2182 propheta
978 2101 1210 2182 praedicationis
1230 2102 1320 2166 istius
1335 2101 1544 2166 ministerium

419 2206 605 2282 detrectans,
626 2221 685 2267 non
706 2202 909 2280 contumacia,
931 2204 985 2267 sed
999 2204 1211 2284 praescientia,
1228 2224 1287 2287 qua
1301 2204 1428 2269 uidebat
1442 2204 1544 2269 Deum

419 2307 605 2391 paenitentia
619 2306 724 2388 populi
738 2306 934 2387 placandum,
949 2306 1069 2384 nauim,
1092 2326 1167 2389 quae
1181 2308 1271 2390 longe
1286 2307 1406 2371 diuersa
1420 2307 1543 2390 regione
1552 2329 1576 2369 s

390 2412 550 2484 4Tharsos
565 2409 702 2491 petebat,
725 2408 905 2489 conscendit.
927 2409 981 2472 sed
995 2408 1049 2472 ubi
1063 2409 1097 2473 in
1110 2409 1210 2474 altum
1223 2427 1411 2490 processum,
1432 2411 1544 2474 nautae

419 2512 549 2578 saeuitia
563 2511 657 2575 maris
672 2511 836 2592 compulsi,
852 2510 993 2592 quisnam
1008 2512 1087 2575 esset
1101 2512 1176 2576 mali
1191 2530 1294 2589 causa,
1311 2513 1391 2577 sorte
1406 2512 1544 2594 explora-

420 2635 500 2681 uere.
516 2633 587 2678 oum
602 2633 692 2694 super
703 2613 809 2676 Ionam
824 2630 887 2676 sors
903 2613 1074 2691 decidisset,
1086 2616 1246 2695 tamquam
1256 2615 1411 2696 piaculum
1425 2617 1545 2696 tempe·-

420 2717 511 2782 statis
533 2717 566 2780 in
587 2715 772 2797 profundum
793 2715 945 2795 proiectus
968 2717 1029 2779 est:
1057 2717 1258 2799 exceptusque
1279 2736 1297 2781 a
1318 2719 1383 2782 ceto
1413 2718 1545 2800 [marino

421 2819 571 2899 monstro]
594 2835 628 2880 ac
649 2817 825 2893 deuoratus,
846 2817 915 2898 post
935 2817 1074 2881 triduum
1094 2818 1157 2882 fere
1177 2819 1388 2883 Niniuitamm
1402 2819 1547 2884 litoribus
1555 2843 1581 2884 1ο

422 2921 536 2989 eiectus
558 2920 641 2982 iussa
662 2918 830 3000 praedicat,
853 2919 961 2982 urbem
981 2918 1098 2984 scilicet
1118 2921 1155 2985 ob
1176 2922 1298 3001 peccata
1317 2922 1422 3003 populi
1443 2923 1547 2986 triduo

393 3023 599 3106 aperituram.
623 3021 719 3104 igitur
733 3038 793 3084 non
807 3020 1050 3099 dissimulanter,
1067 3023 1102 3085 ut
1116 3023 1191 3086 olim
1207 3022 1359 3102 Sodomis,
1379 3024 1486 3089 audita
1500 3026 1548 3089 est

422 3144 481 3190 uox
492 3123 668 3206 prophetae:
681 3141 716 3186 ac
727 3123 834 3186 statim
844 3123 930 3186 iussu
937 3124 1019 3207 regis
1031 3125 1226 3207 exemploque
1235 3127 1364 3208 populus
1374 3128 1546 3206 uniuersus,

422 3228 497 3311 quin
512 3228 543 3291 et
557 3244 660 3291 reeens
675 3226 740 3289 nati
759 3225 825 3289 cibo
847 3227 980 3307 potuque
1000 3227 1204 3292 abstinentur:
1228 3229 1365 3293 iumenta
1384 3229 1494 3294 itidem
1516 3230 1548 3294 et

423 3329 537 3395 diuersi
565 3329 683 3412 generis
713 3328 857 3391 animalia
882 3328 1037 3409 compulsa
1062 3330 1143 3394 fame
1168 3349 1202 3394 ao
1231 3332 1284 3395 siti
1309 3332 1546 3396 lamentantium
1557 3349 1581 3390 a

395 3433 555 3514 especiem
577 3450 647 3494 oum
662 3431 836 3494 hominibus
856 3431 1048 3512 praebebant.
1072 3432 1117 3496 ita
1136 3433 1300 3498 imminens
1320 3435 1438 3498 malum
1458 3454 1547 3499 auer-

424 3555 503 3601 sum.
519 3535 610 3597 Ionae
625 3535 705 3614 apud
716 3535 817 3597 Deum
829 3534 1031 3614 conquerenti,
1044 3536 1124 3615 quod
1136 3535 1210 3599 fides
1222 3536 1313 3600 dictis
1324 3555 1384 3600 non
1398 3537 1546 3616 affuisset,

423 3655 610 3718 responsum,
626 3635 851 3716 paenitentibus
866 3635 988 3699 ueniam
1002 3637 1107 3720 negari
1121 3656 1180 3701 non
1194 3657 1290 3718 posse.

375 3745 415 3806 lo
467 3739 511 3802 At
536 3739 569 3802 in
594 3737 729 3802 Samaria
759 3738 934 3801 Zachariam
961 3758 1066 3822 regem
1096 3741 1261 3804 admodum
1285 3741 1432 3822 impium,
1456 3762 1548 3824 quem

425 3841 563 3923 superius
578 3859 718 3924 regnasse
733 3841 980 3918 memorauimus,
996 3840 1077 3905 Sella
1091 3842 1216 3923 quidam
1230 3844 1387 3908 interemit
1401 3860 1582 3928 regnum-³⁰

531 4012 603 4066 llV
621 4011 685 4078 Reg.
707 4010 749 4068 15.
804 4010 897 4065 7Jon.
919 4011 934 4064 1
955 4025 1010 4077 sqq.
1047 4011 1085 4065 29
1103 4011 1142 4064 IV
1159 4011 1224 4080 Reg.
1246 4014 1290 4072 15.

478 4165 612 4220 2duosb
674 4163 915 4219 dammanitarum
932 4164 960 4217 P
1023 4163 1138 4218 Sazhan
1156 4167 1184 4218 P
1242 4167 1317 4235 lid]
1335 4167 1364 4220 in
1382 4169 1409 4222 P
1468 4169 1547 4225 Sas-

426 4267 486 4304 sure
498 4252 537 4303 P:
555 4251 664 4303 Assurb
687 4251 698 4316 ΙΙ
722 4248 782 4301 Sem
794 4249 927 4301 Drasias:
947 4247 1013 4301 Seon
1026 4250 1068 4302 Pb
1073 4271 1083 4316 ;
1102 4251 1136 4316 cf.
1156 4251 1250 4304 Graes.
1264 4257 1308 4319 10,
1320 4256 1360 4306 22
1414 4255 1451 4310 10
1469 4255 1547 4308 uitiis

426 4337 453 4391 b:
472 4335 578 4388 diuitiis
591 4336 618 4388 P
640 4337 651 4402 11
674 4333 775 4401 queisb
822 4334 858 4389 12
878 4333 1050 4388 Gomorrhab
1103 4336 1141 4392 14
1158 4337 1327 4391 Dominumb
1380 4339 1417 4395 16
1436 4339 1547 4393 Tharsis

421 4423 563 4490 ,Drasdea
580 4426 612 4473 oct
623 4419 714 4473 LXX
724 4423 763 4478 εἰς
779 4423 881 4491 eapse
934 4419 970 4476 19
989 4423 1062 4473 coeto
1074 4421 1101 4473 P
1123 4423 1135 4489 u
1158 4422 1260 4474 marino
1271 4426 1388 4476 monstro
1405 4425 1477 4478 obelo
1494 4441 1545 4479 ao·

427 4508 500 4561 taceat
515 4506 606 4560 Vonclc
657 4504 694 4559 23
713 4506 742 4556 at
754 4505 847 4556 statim
858 4504 973 4558 malebat
985 4505 1018 4558 de
1030 4507 1118 4559 Proto
1169 4507 1388 4562 24abstincntur
1405 4511 1443 4563 P:
1463 4511 1547 4564 absti-

427 4591 660 4645 nereiubenturb
723 4589 761 4645 28
779 4606 874 4657 negare
887 4591 914 4643 P
981 4590 1197 4646 assenarica
1270 4594 1309 4649 30
1326 4593 1546 4666 81111]Σελλούμ

429 4677 519 4729 LXX
529 4679 560 4730 ia
573 4677 638 4744 Req.
653 4680 679 4742 4,
693 4679 734 4742 15,
748 4679 783 4729 10
