3834 5634
780 736 934 793 Chremi,
957 736 1076 793 18-19.
1448 739 1489 804 21

356 892 393 955 et
407 891 513 955 Abiud
528 891 754 974 maioribusque
768 894 843 957 natu
859 893 1061 977 septuaginta.
1085 894 1137 958 sed
1152 894 1185 957 hi
1200 912 1257 958 non
1275 895 1412 958 ualentes
1427 895 1491 957 Do·

359 995 483 1058 minum
498 994 620 1072 intueri,
636 994 738 1058 lecum
752 997 864 1074 tamen,
881 996 913 1060 in
928 1014 987 1078 quo
1002 997 1085 1061 Deus
1100 996 1210 1074 stabat,
1226 996 1387 1061 uiderunt:
1403 997 1490 1060 cuius

360 1097 513 1161 mirabilis
539 1096 638 1161 forma
657 1098 689 1161 et
711 1098 860 1163 claritudo
883 1099 995 1163 eximia
1015 1099 1153 1172 refertur.
1182 1099 1302 1181 Moyses
1327 1100 1490 1163 accersitus

360 1200 465 1263 autem
485 1218 503 1263 a
518 1201 582 1263 Deo
602 1200 777 1265 interiorem
791 1201 920 1278 nubem,
942 1221 1019 1284 quae
1034 1202 1149 1266 circum
1164 1203 1265 1266 Deum
1280 1202 1420 1280 steterat,
1441 1202 1489 1266 in-

340 1320 498 1386 sgressus,
521 1303 723 1386 quadraginta
737 1304 843 1368 diebus
859 1305 1048 1386 totidemque
1062 1305 1203 1369 noctibus
1224 1304 1268 1368 ibi
1282 1303 1378 1368 fuisse
1392 1304 1490 1368 tradi·

360 1406 420 1469 tur.
437 1423 496 1487 quo
511 1406 647 1487 tempere
662 1425 752 1487 super
766 1407 950 1471 aedificando
966 1408 1159 1472 tabernaculo
1175 1408 1266 1489 atque
1281 1426 1349 1472 arca
1367 1406 1518 1487 rituque3

360 1507 549 1572 sacrificandi
569 1508 693 1572 edoctus
713 1508 815 1572 uerbis
830 1509 888 1573 Dei
903 1511 964 1574 est:
986 1529 1062 1591 quae
1077 1528 1142 1594 ego,
1166 1510 1238 1591 quia
1251 1509 1368 1591 prolixa
1382 1509 1488 1573 admo-

360 1610 435 1674 dum
449 1610 642 1688 uidebantur,
655 1611 894 1677 inserendahuic
908 1613 975 1676 tarn
986 1612 1120 1694 praeciso
1132 1613 1214 1694 operi
1229 1630 1289 1677 non
1302 1611 1420 1693 putaui.
1436 1611 1518 1676 sed4

359 1712 542 1777 immorante
556 1712 674 1776 diutius
688 1713 803 1796 Moyse,
819 1713 930 1796 quippe
946 1715 999 1796 qui
1015 1733 1061 1779 xu
1077 1715 1141 1779 dies
1156 1715 1237 1796 apud
1247 1714 1417 1779 Dominum
1431 1715 1489 1778 du·

321 1816 448 1892 noceret,
464 1815 594 1896 populus
610 1817 766 1897 desperato
782 1816 846 1880 eius
861 1817 964 1881 reditu
979 1818 1081 1882 Aaron
1096 1817 1246 1899 compulit
1261 1817 1424 1882 simulacra
1440 1816 1489 1882 fa-

358 1936 433 1981 cere.
450 1919 523 1983 tunc
538 1937 574 1982 er
588 1918 723 1983 metallis
739 1919 876 1984 conflatis
891 1921 986 1985 uituli
1001 1922 1092 2002 caput
1106 1921 1220 1985 ext'tit.
1243 1921 1292 1985 cui
1307 1939 1378 1985 cum
1392 1923 1518 2002 popu-5

359 2021 416 2098 lus,
433 2021 492 2084 Dei
506 2021 678 2099 immemor,
694 2022 810 2086 hostias
825 2022 988 2087 obtulisset
1000 2023 1130 2105 uinoque
1142 2042 1174 2088 se
1186 2024 1216 2087 et
1230 2023 1331 2086 uentri
1347 2023 1489 2101 dedisset,

358 2125 441 2187 Deus
457 2124 593 2204 spectans
608 2124 682 2188 haec
702 2124 783 2189 iusto
806 2125 908 2189 dolore
923 2126 1100 2208 improbum
1114 2126 1263 2208 populum
1277 2126 1337 2191 nisi
1352 2145 1370 2190 a
1384 2126 1489 2208 Moyse

358 2227 498 2291 exoratus
518 2226 655 2291 delesset.
678 2228 731 2290 sed
751 2246 906 2312 regressus
927 2229 1064 2311 Moyses,
1087 2247 1158 2292 eum
1178 2228 1254 2292 duas
1276 2246 1311 2291 ex
1325 2228 1426 2309 lapide
1440 2227 1517 2292 ta-ti

323 2352 350 2390 n
359 2329 446 2393 bulas
462 2349 555 2394 manu
566 2329 624 2393 Dei
640 2329 768 2410 scriptas
784 2330 953 2408 detulisset,
967 2331 1174 2412 populumque
1185 2330 1273 2394 luxui
1285 2331 1316 2392 et
1330 2330 1489 2412 sacrilegio

358 2433 498 2497 deditum
513 2432 773 2514 deprehendisset,
789 2434 910 2497 tabulas
926 2432 1090 2516 confregit,
1112 2432 1273 2515 indignam
1286 2450 1351 2495 esse
1365 2433 1489 2515 gentem

358 2535 551 2612 enstnnans,
575 2535 625 2599 cui
647 2534 695 2598 lex
715 2535 841 2599 Domini
864 2535 1044 2600 traderetur.
1068 2535 1178 2598 multis
1199 2535 1304 2598 tamen
1325 2533 1488 2614 increpitos

357 2639 481 2702 leuitas
502 2639 540 2702 ad
561 2657 592 2701 se
613 2638 755 2722 gregauit
770 2638 944 2720 eisdemque
959 2637 1126 2720 praecepit,
1149 2637 1185 2702 ut
1207 2635 1356 2700 districtis
1376 2635 1488 2719 gladiis

357 2741 505 2822 populum
525 2741 690 2806 caederent.
709 2759 772 2822 quo
793 2741 912 2823 impetu
932 2760 982 2805 xx
997 2741 1058 2805 tria
1072 2740 1161 2805 milia
1174 2739 1312 2804 uirorum
1332 2738 1489 2820 perempta

321 2844 528 2908 mtraduntur.
545 2845 745 2928 tumMoyses
760 2845 993 2909 tabernaculum
1008 2844 1092 2909 extra
1107 2844 1205 2908 castra
1217 2841 1391 2906 constituit:
1408 2841 1516 2923 quod?

357 2946 494 3028 quotiens
510 2945 620 3011 fuisset
633 2947 805 3031 ingressus,
830 2948 972 3012 columna
986 2947 1077 3011 nubis
1092 2947 1191 3010 astare
1206 2963 1259 3027 pro
1275 2944 1397 3009 foribus
1406 2944 1488 3009 uise-

359 3049 446 3113 batur
457 3068 618 3130 coramque
630 3051 669 3113 ad
679 3051 806 3133 Moysen
818 3051 900 3115 Deus
912 3050 1101 3132 loquebatur.
1114 3049 1255 3130 poscente
1266 3048 1371 3112 autem
1381 3048 1487 3131 Moyse
1498 3061 1516 3116 8

356 3153 391 3214 ut
405 3152 575 3216 Dominum
589 3152 622 3217 in
636 3153 796 3217 maiestate
811 3153 932 3234 propria
946 3152 1074 3228 uideret,
1090 3169 1268 3232 responsum
1284 3149 1414 3214 formam
1429 3149 1487 3214 Dei

355 3254 537 3319 mortalibus
553 3255 648 3318 oculis
663 3256 794 3337 perspici
809 3274 868 3319 non
883 3273 980 3336 posse,
1003 3254 1170 3336 posteriora
1184 3253 1288 3317 tamen
1303 3253 1368 3315 eius
1383 3251 1486 3315 uidere

320 3375 545 3422 inconcessum:
567 3357 762 3438 tabulaeque,
785 3376 860 3438 quas
874 3358 995 3439 Moyses
1016 3356 1101 3437 prius
1122 3354 1325 3437 confregerat,
1346 3352 1484 3416 refectae.

356 3460 407 3524 sed
430 3461 463 3525 111
485 3461 542 3523 hoo
564 3460 714 3541 colloquio
736 3460 794 3524 Dei
817 3478 863 3524 xn
886 3459 993 3523 diebus
1016 3458 1188 3522 diuersatus
1214 3456 1294 3537 apud
1317 3455 1486 3519 Dominum

355 3562 473 3646 Moyses
488 3562 629 3627 traditur.
647 3581 776 3645 cumque
791 3563 829 3626 de
844 3563 947 3627 monte
963 3561 1155 3625 descenderet
1169 3559 1292 3624 tabulas
1303 3556 1484 3639 praeferens,
1497 3561 1514 3615 9

353 3666 440 3731 tanta
455 3666 636 3731 claritudine
651 3665 743 3730 facies
758 3665 823 3730 eius
838 3665 1006 3742 renidebat,
1019 3664 1056 3728 ut
1069 3663 1184 3728 intueri
1196 3680 1267 3726 eum
1281 3660 1411 3742 populus
1426 3678 1486 3725 non

455 3852 571 3909 3Exod.
591 3852 712 3911 25-31.
748 3850 863 3908 9Exod
884 3849 929 3906 32.
969 3851 1008 3907 20
1025 3850 1105 3904 Exod
1126 3849 1171 3906 33.
1208 3847 1246 3904 27
1265 3846 1344 3900 Exod
1364 3847 1410 3904 34.

405 4024 420 4079 1
440 4024 561 4077 ualentes
579 4024 607 4076 P
624 4029 656 4076 ut
673 4024 743 4077 coci.
763 4021 909 4092 Sigonius:
929 4022 1073 4076 uolentesb
1120 4019 1304 4076 2Dominusb
1351 4019 1486 4088 3Moyses

354 4112 442 4163 eutem
454 4109 596 4163 accersitus
610 4108 777 4162 aDomirrod
841 4105 1046 4163 4Dominumb
1111 4107 1148 4162 12
1161 4105 1310 4170 Dominio,
1329 4105 1433 4159 itemu.
1449 4104 1485 4162 15

406 4195 442 4252 13
460 4195 524 4249 deus
537 4197 658 4264 spectans
670 4194 783 4261 scripsi:
810 4193 965 4262 despectans
987 4193 1015 4247 P
1033 4193 1199 4262 (despectans
1220 4192 1286 4245 haec
1306 4191 1377 4244 iusto
1398 4190 1487 4244 dolore

352 4279 459 4350 Denso)
518 4281 556 4337 14
573 4281 694 4334 exoratus
707 4279 748 4333 P:
766 4279 1024 4333 fuisseteroratusd
1073 4278 1109 4337 15
1121 4278 1243 4331 meniiP
1293 4276 1330 4333 17
1343 4275 1486 4343 increpitos

353 4366 475 4420 Drusiue
487 4367 535 4434 (ef.
547 4368 678 4434 2,10,4).·
697 4364 836 4433 increpitis
845 4365 903 4432 Po,·
920 4365 1059 4419 ‘historiae
1069 4365 1176 4417 ueritus
1186 4362 1315 4417 mederet
1326 4360 1483 4430 legendum:

352 4452 444 4505 multis
457 4454 476 4505 t.
496 4451 598 4505 Aarone
611 4449 749 4520 increpito’
768 4450 806 4503 de
824 4451 936 4505 Proto
999 4449 1036 4506 18
1057 4448 1183 4518 gregauit
1195 4449 1237 4501 P:
1249 4444 1437 4516 aggregaritb
1461 4443 1474 4512 ΙΙ

351 4537 430 4592 imaro
444 4536 581 4590 destrictis
635 4537 671 4593 19
691 4523 748 4591 sr—x.
763 4535 819 4589 tria
835 4536 913 4589 milia
932 4536 971 4599 P,
994 4535 1050 4588 tria
1061 4534 1139 4587 milia
1149 4534 1266 4588 metebat
1283 4532 1407 4585 Veratius
1424 4545 1486 4584 men

352 4627 429 4677 tecue
446 4623 529 4676 Hebr.
543 4629 569 4676 et
581 4623 672 4676 LXX
687 4622 788 4692 (Euod.
803 4623 850 4688 32,
863 4622 928 4689 28),
946 4619 994 4675 red
1006 4626 1045 4675 eat
1055 4621 1088 4674 in
1099 4620 1176 4690 Vuly.
1190 4633 1268 4673 11111
1279 4633 1314 4671 nr.
1376 4615 1414 4671 22
1432 4614 1485 4670 Do-

350 4707 467 4762 minusb
520 4707 558 4764 26
577 4707 693 4763 sede:
713 4711 740 4762 et
757 4706 849 4762 Vonct
