3834 5634
705 755 784 810 Vita
801 757 827 812 S.
845 757 987 812 Martini
1005 773 1026 810 o.
1045 756 1125 814 3-5.
1420 751 1481 818 115

358 905 510 983 praestare
534 907 711 989 uictoriam,
735 931 828 994 quem
854 917 890 979 ut
915 913 1049 979 subactis
1075 913 1139 976 sine
1165 909 1312 994 sanguine
1339 907 1480 972 hostibus

359 1025 448 1070 nemo
462 1013 593 1075 mereret
633 1064 639 1077 .

400 1111 517 1176 Exinde
538 1114 645 1180 relicta
665 1116 780 1183 militia
802 1121 942 1184 sanctum
962 1118 1118 1183 Hilarium
1139 1116 1285 1181 Pietauae
1306 1113 1509 1195 episcopum5

358 1211 509 1294 ciuitatis,
534 1217 624 1302 euius·
639 1220 714 1284 tuno
738 1221 771 1286 in
791 1223 849 1287 Dei
864 1223 953 1287 rebus
969 1223 1103 1304 spectata
1116 1222 1147 1285 et
1162 1219 1284 1304 cognita
1297 1218 1372 1281 fides
1386 1214 1481 1280 habe-

337 1315 463 1396 sbatur,
486 1321 613 1400 expetiit
627 1323 658 1386 et
678 1323 868 1406 aliquamdiu
888 1325 969 1407 apud
989 1343 1060 1389 eum
1081 1323 1286 1388 commoratus
1301 1322 1356 1384 est.
1379 1319 1509 1399 temp-2

357 1419 438 1483 tauit
463 1423 567 1486 autem
592 1424 675 1490 idem
700 1426 839 1492 Hilarius
864 1428 997 1510 inposito
1017 1427 1193 1492 diaconatus
1213 1424 1313 1489 officio
1328 1422 1388 1486 sibi
1410 1439 1481 1485 eum

358 1522 453 1586 artius
468 1524 614 1606 inplicare
634 1528 665 1592 et
685 1529 854 1595 ministerio
875 1531 991 1596 uincire
1005 1530 1119 1595 diuino.
1144 1529 1196 1593 sed
1211 1547 1282 1592 oum
1303 1525 1480 1607 saepissime

358 1627 536 1707 restitisset,
569 1630 732 1715 indignum
758 1651 789 1698 se
804 1652 869 1698 esse
894 1633 1078 1712 uociferans,
1111 1632 1263 1696 intellexit
1289 1630 1337 1694 uir
1362 1626 1481 1692 altioris

357 1728 488 1813 ingenii,
511 1751 570 1796 uno
586 1752 656 1798 eum
671 1736 760 1799 modo
775 1755 862 1818 posse
877 1736 1060 1820 constringi,
1094 1735 1121 1800 si
1146 1735 1179 1799 id
1205 1734 1233 1798 ei
1259 1732 1353 1797 officii
1379 1731 1480 1812 impo-

322 1834 456 1912 66661,
479 1834 512 1898 16
527 1852 585 1916 quo
601 1837 727 1918 quidam
747 1839 829 1903 loeus
845 1839 974 1904 iniuriae
989 1838 1159 1903 uideretur:
1182 1836 1285 1918 itnoue
1300 1833 1480 1899 exorcistam

358 1953 427 1999 eum
443 1954 507 2001 esse
521 1940 681 2021 praecepit.
717 1961 809 2024 quam
829 1942 882 2006 ille
903 1941 1139 2018 ordinationem,
1161 1958 1199 2004 no
1214 1938 1384 2020 despexisse
1397 1938 1481 2000 tam·

358 2058 449 2120 quam
463 2041 660 2107 humiliorem
674 2044 845 2123 uideretur,
868 2063 928 2110 non
942 2044 1126 2127 repudiauit.
1148 2061 1203 2107 neo
1217 2041 1316 2106 multo
1336 2040 1406 2122 post
1425 2039 1508 2106 ad-3

356 2143 492 2207 monitus
507 2163 561 2226 per
580 2164 732 2227 soporem,
755 2149 792 2212 ut
805 2149 938 2230 patriam
952 2148 1163 2229 parentesque,
1187 2163 1262 2227 quos
1287 2144 1386 2209 adhue
1406 2160 1480 2227 gon·

357 2245 455 2310 tilitas
470 2247 640 2328 detinebat,
673 2250 817 2334 religiosa
845 2251 1051 2315 sollicitudine
1079 2249 1235 2326 uisitaret,
1258 2267 1293 2312 ex
1323 2246 1481 2310 uoluntate

321 2363 347 2402 1⁵
358 2349 454 2413 saneti
480 2350 582 2415 Hilari
606 2351 760 2434 profectus
786 2354 846 2431 est,
870 2353 979 2417 multis
999 2353 1038 2418 ab
1058 2371 1093 2416 eo
1114 2351 1278 2415 obstrictus
1295 2349 1435 2432 precibus
1450 2350 1481 2412 et

358 2451 493 2517 lacrimis
514 2455 550 2517 ut
570 2455 691 2519 rediret.
715 2457 865 2535 maestus,
894 2459 930 2520 ut
950 2456 1067 2533 ferrmt,
1090 2454 1363 2538 peregrinationem
1393 2451 1481 2515 illam

357 2554 512 2639 ingressus
528 2558 590 2636 est,
614 2559 799 2623 contestatus
815 2559 972 2636 fratribus,
994 2559 1094 2622 multa
1115 2576 1146 2621 se
1167 2557 1294 2621 aduersa
1307 2573 1479 2637 passurum:

358 2658 439 2739 quod
453 2660 558 2740 postea
574 2660 716 2741 probauit
732 2657 867 2726 euentus.
892 2680 926 2726 eo
940 2662 1076 2743 primum
1087 2661 1166 2725 inter
1180 2659 1276 2740 Alpes
1291 2657 1380 2722 deuia
1395 2662 1510 2721 secu-4

358 2761 409 2824 tus
424 2761 533 2825 incidit
556 2763 590 2826 in
609 2763 749 2828 latrones.
775 2783 904 2846 cumque
924 2783 1004 2828 unus
1018 2764 1116 2828 securi
1131 2764 1249 2827 eleuata
1263 2761 1296 2826 in
1310 2762 1401 2842 caput
1415 2761 1481 2823 eius

321 2881 349 2923 ao
358 2863 500 2928 librasset
514 2865 626 2944 ictum,
649 2866 786 2931 ferientis
802 2868 956 2932 dexteram
972 2867 1120 2931 sustinuit
1134 2866 1226 2931 alter:
1250 2864 1363 2929 uinctis
1377 2865 1481 2928 tamen

358 2967 427 3048 post
441 2968 564 3051 tergum
579 2969 721 3034 manibus
736 2971 790 3035 uni
804 2971 1009 3035 adseruandus
1024 2971 1056 3034 et
1070 2969 1246 3052 spoliandus
1260 2967 1402 3032 traditur.
1427 2965 1480 3048 qui

359 3089 429 3134 eum
444 3089 514 3134 eum
529 3072 567 3135 ad
582 3073 745 3137 remotiora
756 3073 907 3152 duxisset,
922 3073 1093 3155 percontari
1107 3073 1144 3137 ab
1160 3090 1194 3135 oo
1209 3071 1322 3152 coepit,
1339 3069 1481 3151 quisnam

358 3173 445 3236 esset.
474 3174 631 3255 respondit
651 3173 858 3240 Christianum
880 3195 912 3240 se
932 3195 1005 3241 esse.
1028 3175 1191 3258 quaerebat
1211 3174 1305 3237 etiam
1326 3173 1364 3237 ab
1386 3191 1420 3237 eo
1441 3188 1508 3243 an5

357 3275 489 3340 timeret.
523 3278 592 3340 tum
614 3296 685 3341 uero
708 3278 952 3343 constantissime
973 3279 1148 3360 profitetur,
1170 3295 1340 3357 numquam
1361 3292 1392 3338 se
1413 3275 1479 3338 tam

321 3377 453 3442 assuisse
474 3397 629 3459 securum,
660 3380 732 3463 quia
761 3381 853 3446 eoiret
879 3381 1119 3445 misericordiam
1145 3378 1271 3443 Domini
1292 3377 1425 3442 maximo
1447 3375 1480 3439 in

356 3481 610 3562 temptationibus
632 3482 823 3548 adfuturam:
846 3502 878 3548 ee
892 3484 993 3567 magis
1012 3483 1060 3547 illi
1075 3482 1190 3559 dolere,
1213 3481 1267 3563 qui
1289 3478 1479 3545 0161611661-

409 3684 427 3740 3
445 3686 579 3755 pictauiae
590 3689 618 3738 F
635 3705 703 3742 corr.
728 3705 761 3741 oo.
784 3691 803 3741 2
824 3688 984 3756 (episcopum
996 3688 1118 3756 pictauae
1135 3687 1173 3756 A)
1225 3686 1244 3742 4
1262 3686 1399 3753 expectata
1410 3683 1479 3752 AM,

357 3772 453 3826 inclita
470 3775 590 3841 spectate
602 3774 633 3827 F
684 3775 702 3832 5
715 3774 845 3842 expetiuit
856 3774 926 3828 AFc
944 3776 955 3842 11
973 3774 1140 3842 aliquantmn
1154 3773 1190 3840 V,
1203 3772 1250 3826 scd
1261 3774 1337 3824 ntum
1349 3772 1381 3824 ia
1393 3771 1481 3823 litura

410 3857 427 3913 6
445 3857 599 3912 diaconatus
612 3860 683 3914 MV:
703 3859 817 3914 diaconii
830 3859 900 3915 AFo
957 3859 974 3915 7
988 3858 1121 3928 implicari
1133 3860 1160 3911 et
1171 3874 1205 3910 m.
1218 3856 1316 3910 uinciri
1333 3855 1356 3926 Q
1406 3854 1425 3912 8
1437 3854 1480 3909 uir

357 3944 425 3997 AV:
442 3945 485 3997 uir
496 3944 547 3998 Dei
558 3943 614 4014 Ἑρ
666 3945 747 4001 9666
760 3947 826 3999 BV:
839 3946 888 3999 hoc
900 3946 970 4000 AFc
986 3946 998 4013 11
1015 3945 1043 3998 11
1062 3967 1077 3995 a
1089 3944 1170 3997 officii
1185 3944 1212 3998 V
1262 3944 1297 3999 11
1309 3941 1441 4012 praecipit
1454 3942 1481 3997 V

368 4031 380 4096 11
404 4029 561 4098 dispexisset
576 4032 603 4086 V
653 4032 688 4087 12
703 4033 791 4084 multu
803 4032 860 4085 AF
910 4031 946 4090 15
965 4031 1058 4083 hilarii
1074 4031 1177 4084 Vcerr.
1190 4028 1261 4083 AFc
1277 4029 1289 4096 ΙΙ
1305 4028 1399 4081 multis
1411 4028 1478 4082 BV:

357 4116 503 4185 multisque
524 4117 595 4171 AFo
617 4119 629 4185 ΙΙ
652 4117 794 4170 obstrictus
815 4117 997 4186 ABFMQV:
1016 4116 1160 4169 adstrictus
1178 4115 1258 4168 caret.
1278 4130 1311 4168 ex
1323 4115 1410 4168 trabae
1421 4114 1480 4168 6616

358 4209 412 4257 etc
465 4203 501 4260 17
520 4203 655 4273 ingressus
680 4204 715 4258 V:
734 4203 874 4272 adgressus
895 4203 965 4256 AFc
988 4203 999 4268 ΙΙ
1023 4200 1150 4254 fratribus
1172 4201 1271 4254 BMV:
1289 4201 1387 4253 fratres
1407 4199 1479 4253 AFo

360 4288 397 4344 18
416 4289 708 4344 ercammarum
773 4287 808 4344 19
828 4288 940 4341 securim
953 4289 1086 4341 eleuatam
1104 4287 1149 4340 Ac
1211 4285 1251 4342 20
1267 4285 1402 4339 demerem
1413 4285 1441 4338 B
1452 4290 1479 4338 et

358 4376 410 4428 6111
426 4377 513 4442 puacea‘
533 4376 627 4443 (ctiam
646 4376 702 4429 daco
726 4375 878 4430 Traieete'aa'
901 4368 1479 4441 1766616111166166111616616666Ε9

411 4460 448 4516 21
466 4463 620 4530 postergum
632 4462 689 4516 AF
707 4462 719 4529 11
742 4460 919 4514 adseruandus
936 4461 970 4513 V:
984 4459 1017 4513 cd
1029 4458 1187 4513 seruandum
1198 4459 1239 4525 Β,
1252 4456 1396 4510 seruandus
1408 4454 1480 4510 Ara

370 4547 382 4612 11
406 4545 560 4615 spoliandus
575 4548 611 4601 V:
624 4546 789 4616 spoliandum
802 4547 829 4599 Β
833 4587 841 4613 ,
854 4545 1039 4600 custodiendus
1052 4545 1142 4599 ΛΡΜ
1189 4543 1228 4600 22
1239 4541 1406 4612 percunctari
1418 4541 1481 4595 MV

411 4630 450 4686 24
467 4630 550 4684 161666
561 4633 617 4684 tam
634 4647 651 4685 o
723 4631 761 4688 26
780 4631 825 4684 sed
844 4631 930 4700 magis
947 4631 1047 4685 Vteste
1059 4631 1093 4685 dc
1104 4632 1192 4685 Proto
1214 4630 1226 4698 ΙΙ
1248 4629 1292 4684 illi
1303 4629 1362 4684 AV
1379 4633 1405 4683 ct
1416 4627 1481 4682 lori

361 4716 421 4783 fere
432 4732 537 4772 mnam:
555 4715 649 4771 11161Ὗ
667 4717 679 4783 11
702 4717 837 4770 condolere
849 4715 912 4771 dett
922 4716 1010 4785 pauci

1230 4802 1279 4868 8*
