3834 5634
1451 778 1492 826 1x

369 904 572 982 Veronensi
596 907 790 982 defluxisse
813 920 911 983 certo
934 919 1097 1008 apparet.
1133 934 1179 982 ex
1210 911 1320 985 altera
1347 913 1491 1006 familia,

366 1028 414 1099 ad
438 1053 544 1124 quam
568 1055 649 1127 pars
671 1028 778 1127 longe
801 1029 915 1103 maior
935 1030 1111 1104 librorum
1144 1057 1253 1104 manu
1273 1032 1493 1132 scriptorum

369 1147 550 1246 pertinere
587 1147 751 1241 uidetur,
788 1150 874 1224 satis
910 1151 1101 1224 habuimus
1137 1161 1210 1224 tres
1243 1150 1355 1226 libros
1391 1152 1493 1227 adhi-

370 1265 511 1358 buisse,
547 1292 592 1339 ne
623 1268 736 1342 nimia
766 1269 962 1343 lectionum
994 1269 1273 1370 discrepantium
1296 1270 1390 1345 mole
1411 1298 1493 1372 per·

362 1387 537 1484 spicuitas
559 1387 755 1461 tolleretur.
779 1390 908 1463 horum
933 1417 1026 1464 unus
1049 1402 1104 1464 est
1122 1391 1238 1464 codex
1253 1389 1493 1480 Quedlinbur·

369 1506 490 1604 gensis
524 1506 665 1580 saeculo
702 1507 810 1583 VIIII
834 1510 990 1609 scriptus
1028 1512 1078 1608 (v.
1101 1509 1234 1583 Pertzii
1257 1510 1367 1584 Aroh.
1390 1509 1492 1602 VIII,

373 1629 481 1724 660),
515 1624 615 1700 cuius
648 1627 819 1702 lectiones
843 1629 1014 1703 Tobias
1036 1629 1304 1704 Eckhardus
1333 1628 1369 1703 in
1400 1629 1493 1704 libro

370 1745 422 1819 sic
456 1747 631 1845 inscripto
667 1747 885 1847 publicauit:
932 1742 1094 1823 ‘Codices
1132 1774 1217 1821 mss.
1254 1747 1494 1838 Quedlinbur-

370 1891 507 1963 genses.
532 1865 796 1966 Quediinburgi
823 1871 930 1942 1723.
954 1867 1009 1941 40’
1039 1896 1072 1967 p.
1098 1872 1143 1940 57
1168 1894 1246 1965 sqq.
1278 1868 1341 1940 sed
1363 1869 1493 1943 multas

370 1985 542 2060 lectiones
566 1986 609 2059 ab
633 1988 825 2061 Eckhardo
860 1988 1128 2087 praetermissas
1163 2011 1240 2059 esse
1276 2012 1323 2059 ex
1353 1987 1493 2063 duobus

366 2104 471 2179 tibris
495 2106 654 2180 eiusdem
676 2108 848 2199 familiae,
889 2135 981 2206 quos
1010 2107 1079 2205 ipsi
1112 2104 1357 2196 excussimus,
1394 2119 1493 2183 certo

370 2225 547 2300 lconicere
567 2226 659 2300 licet.
679 2228 810 2301 horum
824 2229 912 2300 alter
935 2237 989 2299 est
1009 2226 1124 2322 codex
1142 2224 1227 2298 olim
1240 2225 1270 2297 F
1271 2225 1493 2323 risingensis,

368 2371 467 2419 nunc
488 2346 711 2420 Monacensis
735 2348 811 2444 (lat.
841 2374 875 2418 n.
901 2347 1037 2441 6326),
1071 2344 1211 2417 saeculo
1242 2344 1379 2417 decimo
1409 2371 1494 2420 con·

370 2466 543 2564 scriptuS,
580 2467 669 2540 alter
691 2465 782 2539 olim
806 2463 1043 2537 bibliothecae
1071 2465 1303 2560 Augustanae
1326 2464 1493 2560 ciuitatis,

371 2612 469 2661 nunc
492 2588 577 2660 item
601 2585 824 2660 Monacensis
849 2585 927 2682 (lat.
951 2611 986 2656 n.
1012 2581 1128 2681 3711)
1152 2607 1240 2656 saec.
1263 2581 1342 2687 XI„

423 2825 602 2923 Vulgatae
634 2850 741 2923 quam
770 2833 902 2896 uocant
931 2823 1094 2896 lectionis
1126 2821 1217 2896 ratio
1239 2822 1276 2897 in
1307 2825 1364 2899 his
1391 2824 1493 2900 libris

365 2956 443 3019 ‘tam
468 2944 655 3045 peculiaris
680 2955 757 3031 est,
783 2952 824 3014 ut
845 2968 920 3014 non
944 2943 1063 3041 possit
1086 2942 1227 3016 silentio
1256 2946 1495 3043 praetermitti

367 3091 454 3138 cum
476 3064 571 3137 enim
595 3063 906 3159 Wolfgangus
929 3061 1095 3134 Lazius
1119 3063 1204 3136 haec
1227 3065 1399 3161 opuscula
1421 3066 1493 3164 pri·

372 3212 468 3275 mus,
505 3195 546 3256 ut
577 3181 644 3256 sibi
679 3181 888 3272 uidebatur,
923 3180 960 3252 in
983 3181 1099 3254 lucem
1121 3182 1359 3281 protraxisset
1382 3196 1418 3258 et
1449 3186 1493 3257 ad

367 3305 502 3379 calcem
535 3300 839 3375 Pseudo-Abdiae
861 3299 1051 3398 Babylonii
1075 3325 1121 3372 ex
1146 3301 1268 3375 codice
1290 3303 1413 3375 multis
1438 3303 1492 3376 ui-

371 3425 432 3498 tiis
455 3422 641 3520 inquinato
664 3420 825 3494 Basileae
848 3445 877 3492 a.
900 3424 997 3492 1551
1023 3419 1215 3511 edidisset,
1249 3419 1494 3496 Giselinus

373 3544 434 3642 qui
457 3568 540 3616 eum
563 3552 705 3615 secutus
729 3550 802 3631 est,
840 3565 886 3612 ex
909 3565 1041 3612 nouem
1064 3539 1266 3629 codicibus,
1303 3568 1393 3639 quos
1415 3541 1493 3642 ipse

370 3661 600 3752 adhibuerat,
623 3659 735 3733 multa
754 3659 899 3758 quidem
919 3659 1008 3732 uitia
1026 3659 1247 3750 emendauit,
1268 3662 1331 3733 sed
1350 3660 1394 3733 ab
1415 3662 1494 3735 uni-

372 3809 478 3856 uerso
493 3780 661 3855 editionis
676 3780 848 3853 Lazianae
868 3780 1102 3852 fundamento
1116 3805 1189 3852 non
1203 3779 1362 3856 recessit.
1387 3793 1494 3880 atque

367 3902 423 3976 ita
445 3901 586 3975 exstitit
607 3899 712 3974 lectio
736 3900 899 3998 uulgata,
924 3925 971 3972 ex
993 3897 1117 3973 codice
1140 3899 1262 3973 multis
1284 3900 1423 3975 mendis
1438 3929 1493 3975 re-

371 4022 471 4121 pleto
498 4021 660 4120 profecta
692 4044 808 4116 neque
837 4030 1044 4093 constanter
1074 4045 1121 4093 ex
1152 4018 1252 4092 libris
1285 4019 1492 4095 melioribus

369 4153 597 4242 perpurgata.
633 4140 738 4212 aliam
759 4137 975 4212 haberemus
999 4138 1201 4237 uulgatam,
1231 4139 1262 4212 si
1293 4141 1492 4215 editoribus

372 4260 574 4361 prioribus,
606 4260 643 4332 id
668 4260 766 4357 quod
788 4259 833 4332 H.
856 4261 900 4333 de
923 4259 1032 4332 Prato
1055 4259 1191 4358 primus
1217 4260 1378 4351 monuit,
1409 4287 1493 4358 cog-

372 4381 488 4454 nitum
509 4382 635 4455 fuisset
656 4383 721 4454 hos
740 4378 876 4453 libellos
898 4379 969 4452 iam
991 4379 1028 4452 in
1051 4378 1221 4452 Bonini
1243 4379 1493 4453 Membritii

370 4501 582 4576 Sanctuario
598 4502 675 4576 siue
689 4501 786 4575 Vitis
802 4501 1014 4574 Sanctorum
1029 4499 1144 4572 editos
1158 4499 1268 4573 fuisse
1288 4525 1334 4572 cx
1353 4498 1491 4598 optimo

371 4622 516 4715 codice,
549 4622 610 4722 qui
643 4624 687 4695 ad
717 4621 887 4694 familiam
909 4618 1131 4693 Veronensis
1162 4619 1339 4719 pertinet,
1369 4645 1492 4694 recen·
