3834 5634
795 739 908 795 Chron
927 743 963 806 ΙΙ,
982 741 1100 799 38-40.
1467 737 1509 802 93

391 891 533 976 pellitur,
557 893 725 975 statimque
752 894 817 960 eius
843 897 875 960 in
899 897 1001 962 locum
1027 897 1206 962 decentius
1226 896 1382 979 episeopus
1402 893 1509 957 subro-

391 997 492 1078 gatur.
516 995 655 1061 Liberius
670 1015 788 1078 quoque
802 999 887 1063 urbis
904 1000 1019 1065 Romae
1035 1003 1066 1064 et
1077 1000 1216 1064 Hilarius
1227 999 1426 1063 Pictauorum
1443 995 1537 1078 opi-u

391 1098 473 1180 scopi
489 1097 602 1162 dantur
622 1098 720 1163 exilio.
744 1099 937 1166 Rhodanium
961 1120 1094 1184 quoque,
1117 1102 1300 1166 Tolosanum
1326 1099 1508 1175 antistitem,

391 1200 444 1283 qui
458 1201 569 1264 natura
583 1200 679 1265 lenior
692 1220 752 1266 non
767 1204 833 1267 tam
848 1205 913 1268 suis
928 1204 1047 1269 uiribus
1062 1224 1155 1285 quam
1167 1204 1281 1268 Hilarii
1293 1203 1439 1267 societate
1448 1219 1509 1265 non

369 1304 523 1367 ecesserat
553 1302 708 1381 Arrianis,
743 1304 848 1368 eadem
886 1307 1019 1371 conditio
1044 1307 1218 1389 implicuit,
1252 1325 1322 1370 cum
1346 1305 1451 1368 tamen
1475 1303 1508 1367 hi

390 1424 493 1470 omnes
507 1405 609 1487 parati
624 1409 723 1470 essent
734 1406 942 1472 Athanasium
957 1428 976 1473 a
991 1410 1201 1474 communione
1213 1407 1402 1490 suspendere,
1417 1406 1507 1469 modo

388 1508 425 1572 ut
452 1507 489 1573 de
513 1507 573 1571 fide
598 1507 679 1572 inter
704 1508 858 1591 episcopos
884 1514 1088 1592 quaereretur.
1122 1511 1174 1576 sed
1194 1511 1334 1575 Arrianis
1355 1509 1537 1591 optimumss

388 1610 491 1674 uisum
506 1611 785 1692 praestantissimos
801 1613 883 1677 uiros
899 1632 917 1677 a
932 1615 1098 1678 certamine
1113 1614 1301 1678 submouere.
1317 1612 1363 1676 ita
1377 1610 1459 1693 pulsi
1474 1609 1507 1674 in

388 1712 530 1790 exilium,
553 1732 627 1795 quos
642 1731 734 1796 supra
749 1716 1004 1794 memorauimus,
1020 1717 1131 1782 abhinc
1146 1736 1239 1781 annos
1254 1715 1387 1797 quinque
1401 1716 1433 1778 et
1448 1731 1505 1790 xn,

353 1833 378 1872 ro
387 1813 548 1879 Arbitione
563 1816 594 1878 et
608 1815 745 1880 Lolliano
761 1817 947 1882 consulibus.
977 1819 1029 1883 sed
1055 1819 1196 1883 liberius
1220 1817 1311 1900 paulo
1337 1819 1408 1899 post
1432 1816 1502 1880 urbi

386 1917 525 1981 redditus
551 1917 588 1981 ob
614 1917 777 1983 seditiones
802 1919 965 1986 Romanas.
994 1924 1129 1986 ceterum
1155 1920 1257 1985 exules
1282 1919 1360 1985 satis
1384 1919 1533 1983 constata

385 2019 482 2084 totius
497 2019 579 2083 orbis
594 2020 704 2084 studiis
720 2021 903 2099 celebratos,
925 2025 1128 2105 pecuniasque
1144 2024 1233 2088 eisin
1248 2024 1407 2105 sumptum
1428 2019 1505 2085 affa-

385 2121 444 2186 tim
465 2124 638 2205 congestas,
660 2122 923 2206 legationibusque
943 2143 993 2189 eos
1009 2126 1106 2208 plebis
1122 2126 1289 2190 catholicae
1313 2142 1349 2187 ex
1364 2123 1506 2188 omnibus

384 2223 447 2289 fere
461 2225 625 2307 prouinciis
640 2223 859 2306 frequentatos

351 2346 376 2386 u
427 2327 547 2392 Interea
569 2326 693 2391 Arriani
715 2345 775 2391 non
796 2328 927 2405 ecculm,
950 2331 986 2392 ut
1000 2332 1104 2407 antea,
1127 2330 1180 2394 sed
1199 2329 1302 2412 palam
1323 2346 1358 2393 ac
1384 2325 1556 2410 publicet·

383 2429 516 2494 haeresis
541 2428 662 2512 piacula
694 2429 929 2512 praedicabant:
958 2432 1146 2512 quinetiam
1168 2431 1316 2514 synodum
1335 2430 1504 2493 Nioaenam

383 2550 438 2614 pro
452 2549 484 2596 se
498 2532 751 2614 interpretantes,
768 2551 859 2613 quam
874 2533 965 2598 unius
979 2533 1102 2599 litterae
1117 2534 1285 2598 adiectione
1296 2535 1503 2615 corruperant,

382 2633 545 2718 caliginem
567 2633 720 2715 quandam
742 2634 910 2699 iniecerant
931 2637 1067 2701 ueritati.
1090 2655 1162 2700 nam
1177 2636 1230 2700 ubi
1251 2628 1422 2719 ὁμοούσιον
1436 2640 1532 2704 erata

383 2737 547 2819 seriptum,
570 2736 651 2818 quod
667 2739 714 2800 est
727 2738 817 2800 unius
833 2737 1040 2817 substantiae,
1062 2739 1110 2803 illi
1131 2730 1328 2822 ὃμοιοὺσιον,
1352 2739 1432 2820 quod
1455 2742 1502 2804 est

347 2839 493 2905 adsimilis
518 2839 723 2916 substantiae,
740 2840 889 2922 seriptum
910 2860 975 2905 esse
996 2842 1152 2921 dicebant,
1169 2842 1364 2909 concedentes
1390 2841 1502 2906 simili-

381 2941 535 3019 tudinem,
565 2942 640 3005 dum
666 2942 836 3007 adimerent
862 2945 1030 3022 unitatem,
1061 2945 1133 3026 quia
1157 2945 1292 3009 multum
1318 2945 1356 3009 ab
1382 2945 1502 3010 unitate

382 3044 552 3109 similitudo
567 3045 711 3109 distaret:
727 3047 764 3108 ut
779 3045 864 3109 uerbi
880 3047 982 3128 gratia
996 3047 1117 3128 pictura
1131 3047 1258 3112 humani
1273 3048 1406 3130 eorporis
1421 3050 1502 3113 esset

380 3146 497 3212 homini
523 3147 650 3224 similis,
673 3166 728 3211 neo
747 3149 851 3211 tamen
872 3148 999 3213 haberet
1018 3149 1151 3213 hominis
1166 3151 1339 3214 ueritatem.
1363 3151 1417 3215 sed
1431 3151 1529 3231 qui-3

381 3249 453 3314 dam
468 3268 503 3314 ex
517 3249 565 3313 his
580 3249 664 3313 ultra
686 3251 911 3332 processerant,
934 3242 1173 3333 oinopoooroa'ov,
1197 3251 1229 3315 id
1250 3254 1297 3315 est
1317 3251 1500 3316 dissimilem

346 3367 372 3409 ²⁵
381 3352 602 3429 substantiam,
625 3350 845 3415 confirmantes.
876 3371 970 3433 eoque
995 3352 1043 3417 his
1068 3353 1287 3418 certaminibus
1311 3372 1497 3435 processum,

379 3457 417 3519 ut
440 3454 616 3519 istiusmodi
640 3452 770 3536 piaculis
785 3454 866 3518 orbis
881 3456 1034 3518 terramm
1044 3454 1262 3537 implicaretur.
1279 3475 1351 3520 nam
1362 3457 1529 3536 Italiam,4

380 3557 540 3640 illyricum
555 3558 647 3637 atque
665 3553 820 3620 Orientem
836 3555 948 3621 Valens
970 3559 1002 3620 et
1017 3556 1160 3622 Vrsatius
1179 3559 1347 3640 ceterique,
1369 3578 1499 3641 quorum

379 3661 502 3724 nomina
517 3659 684 3734 edidimus,
708 3657 883 3723 infecerant.
907 3657 1025 3723 Gallias
1046 3662 1165 3724 nostras
1186 3659 1367 3726 Saturninus
1387 3662 1497 3727 Arela-

380 3763 514 3826 tensium
529 3762 697 3843 episcopus,
713 3760 803 3824 homo
819 3761 972 3844 impotens
988 3765 1019 3826 et
1034 3761 1189 3840 factiosus,
1204 3764 1371 3845 premebat.
1389 3763 1526 3831 Osiumt

433 3998 448 4053 1
466 3998 611 4053 Auxentius
631 4000 770 4068 suppleuit
792 3999 920 4069 Sipontus
988 3999 1006 4054 2
1024 3999 1138 4069 episcopi
1159 4000 1193 4055 dc
1213 4001 1313 4057 Proto:
1331 4011 1376 4073 eps
1397 4006 1436 4072 P,
1458 4007 1494 4073 of.

381 4084 423 4152 H,
433 4087 506 4152 47,2
549 4084 567 4142 3
578 4084 722 4138 rhodanum
733 4085 767 4152 P,
777 4085 824 4138 sed
833 4102 852 4140 c.
864 4089 899 4139 45
909 4091 976 4138 ectr.
987 4085 1129 4139 rhodanius
1144 4088 1156 4154 ΙΙ
1171 4087 1320 4142 tolosanum
1330 4091 1369 4158 P,
1382 4097 1413 4145 ut
1425 4093 1493 4147 coni.

383 4169 479 4224 laced
497 4170 642 4225 Caeteros:
660 4172 688 4223 et
699 4170 832 4223 Dosannm
844 4172 859 4224 b
873 4171 989 4239 (syllaba
999 4171 1041 4224 olo
1053 4172 1094 4224 itu
1113 4172 1143 4225 ic
1157 4173 1184 4225 P
1193 4174 1298 4241 scriptu
1309 4181 1356 4242 cot,
1369 4182 1401 4229 ut
1411 4177 1496 4242 foede

379 4253 509 4324 doteque)
579 4255 709 4310 ttamb:
728 4256 824 4308 tamP
844 4257 856 4322 ΙΙ
879 4254 1039 4324 hylariusP
1107 4258 1321 4317 5hiomnesP:
1340 4260 1493 4317 hominesb

380 4340 642 4411 (iuPeethioms),
661 4356 749 4395 omnes
765 4341 888 4395 Veratius
940 4340 1149 4398 deommnneP
1199 4342 1495 4413 8praestantissimoP

382 4425 418 4481 11
435 4425 556 4479 redditur
572 4427 588 4480 b
642 4427 678 4482 12
696 4427 815 4481 cebrutos
833 4427 860 4480 P
911 4426 948 4482 13
966 4427 1170 4498 legationibusq.
1183 4431 1222 4484 P:
1239 4430 1418 4499 legationibus
1429 4449 1494 4501 qno·

380 4512 464 4578 qneb
518 4510 553 4567 16
571 4512 673 4566 niceam
691 4514 718 4567 P
770 4513 806 4569 18
824 4512 953 4580 quendam
972 4514 999 4566 P
1020 4516 1032 4581 ΙΙ
1054 4516 1495 4574 omousionct19omeousionP

432 4595 468 4652 19
487 4596 616 4650 estunius
629 4599 666 4662 P,
685 4600 795 4653 utcom.
809 4598 954 4652 dePruto:
973 4599 1131 4654 uniusestb
1184 4601 1348 4658 23bominis
1360 4603 1492 4658 unitatem

381 4679 510 4751 Quoius
561 4681 599 4738 24
617 4684 799 4738 unomeonsian
817 4684 855 4749 P,
873 4683 1121 4739 Anomoeonsiamb
1173 4687 1210 4744 27
1220 4687 1347 4743 illiricum
1365 4689 1392 4743 P
