3834 5634
821 712 933 769 chron.
953 714 989 778 Π,
1008 716 1108 772 9-10.
1483 712 1525 778 65

403 885 545 950 regnasse
559 868 710 933 traditur:
732 888 919 952 quamquam
934 871 967 936 11
982 871 1135 954 plerisque
1155 868 1378 951 exemplaribus
1392 886 1441 931 11
1456 869 1488 931 11
1502 884 1525 930 v

402 987 495 1035 annos
510 969 633 1051 imperii
648 970 715 1035 eius
729 970 827 1037 fuisse
841 974 973 1056 repperi.
990 974 1063 1038 huic
1077 972 1222 1037 successit
1232 971 1425 1048 Artanerses,
1440 969 1526 1034 cuius

402 1090 493 1155 supra
507 1073 713 1138 meminimus.
742 1073 792 1139 hic
807 1093 877 1140 cum
892 1075 1024 1141 inhiberi
1039 1075 1279 1141 aedificationem
1294 1072 1378 1137 urbis
1394 1073 1552 1137 Iudaeae9

402 1175 571 1257 templique
593 1175 748 1255 iussisset,
778 1196 959 1260 suspensum
981 1196 1057 1261 opus
1078 1196 1173 1260 usque
1195 1177 1227 1241 in
1249 1176 1414 1241 secundum
1436 1174 1524 1239 Darii

383 1278 482 1362 arogis
503 1298 617 1344 anuum
637 1281 789 1363 pependit.
823 1283 876 1346 sed
891 1284 927 1347 ut
941 1301 1038 1364 usque
1052 1284 1091 1347 ad
1106 1302 1176 1347 cum
1191 1283 1365 1363 temporum
1385 1279 1458 1342 ordo
1473 1295 1524 1342 co·

401 1400 494 1446 11111
509 1380 567 1460 111,
595 1381 773 1447 1111111111
787 1384 930 1467 regnauit
946 1386 1032 1450 annis
1055 1403 1113 1450 uuo
1136 1387 1167 1449 et
1189 1402 1251 1461 11,
1273 1382 1383 1446 Xerses
1405 1380 1523 1445 duobus

401 1483 565 1549 mensibus.
582 1487 710 1567 postcue
725 1504 795 1550 eum
811 1485 981 1553 Sucdianus
996 1507 1046 1552 v11
1062 1486 1216 1552 mensibus
1231 1485 1301 1549 fuit.

441 1587 556 1650 Darius
581 1586 706 1666 deiude,
743 1588 799 1653 sub
833 1608 891 1670 quo
914 1591 1066 1673 templum
1088 1592 1134 1654 est
1163 1587 1358 1663 rest'tutum,
1395 1604 1524 1667 reguum
1536 1589 1575 1652 10

402 1688 530 1770 adeptus
545 1691 602 1768 est,
618 1690 667 1754 cui
682 1689 783 1755 Ochus
798 1693 867 1757 tum
882 1710 992 1757 nomen
1006 1694 1081 1757 erat.
1097 1692 1148 1756 hic
1163 1711 1233 1756 oum
1248 1709 1283 1754 en
1298 1687 1445 1752 Hebraeis
1460 1689 1524 1752 tres

371 1813 395 1852 11
401 1791 605 1856 adolescentes
621 1794 775 1875 spectatae
789 1793 861 1858 fidei
878 1795 1012 1877 corporis
1035 1795 1174 1860 custodes
1194 1793 1320 1857 haberet
1335 1808 1473 1872 unusque
1488 1809 1524 1855 11

400 1893 448 1957 his
461 1894 645 1976 prudentiae
658 1895 839 1961 documento
861 1897 1097 1962 admirationem
1117 1896 1199 1980 regis
1213 1896 1246 1960 in
1260 1913 1292 1959 se
1312 1892 1523 1972 conuertisset,

400 1996 503 2062 delata
518 1997 578 2061 sibi
593 1997 714 2079 optione
725 1999 859 2080 petendi,
872 2000 898 2063 si
914 2001 989 2081 quid
1004 2000 1106 2065 animo
1118 1999 1312 2081 concepisset,
1321 1995 1524 2079 ingemiscens

399 2099 518 2181 patriae
540 2099 637 2164 ruinis
665 2100 784 2181 copiam
805 2102 1014 2167 restituendae
1036 2103 1122 2167 urbis
1148 2101 1286 2184 poposcit
1307 2099 1482 2180 meruitque
1505 2117 1525 2163 a

400 2221 479 2285 rego,
492 2204 529 2266 ut
543 2202 717 2285 subregulis
731 2222 766 2267 ac
777 2205 970 2284 praesidibus
982 2205 1157 2287 imperaret,
1169 2202 1410 2268 aedificationem
1421 2218 1524 2267 sacrae

370 2305 484 2369 saedm
498 2305 647 2388 praebitis
662 2306 827 2388 impendiis
853 2309 1052 2372 maturarent.
1082 2308 1128 2371 ita
1149 2306 1301 2388 templum
1327 2303 1552 2386 quadriremes

399 2410 661 2486 consummatum,
685 2410 768 2473 serto
791 2411 860 2491 post
882 2427 960 2474 anno
982 2429 1074 2491 quam
1093 2409 1207 2473 Darius
1227 2426 1353 2491 regnare
1373 2407 1523 2488 coeperat,

399 2509 491 2592 idque
512 2511 636 2576 ludaeis
662 2512 738 2576 satis
764 2512 884 2576 uisum:
910 2514 941 2576 et
968 2511 1039 2593 quia
1060 2531 1190 2594 maguae
1214 2510 1306 2575 molis
1328 2510 1394 2573 erat
1416 2508 1523 2572 urbem

401 2613 578 2690 restituere,
605 2612 699 2677 diffisi
721 2614 840 2678 uiribus
862 2632 938 2696 opus
959 2614 1053 2679 multi
1075 2614 1189 2678 laboris
1213 2613 1346 2695 incipere
1370 2628 1431 2675 non
1456 2611 1523 2676 ausi

400 2715 517 2797 temple
533 2715 773 2781 continebantur.
795 2736 850 2799 per
869 2717 952 2781 idem
972 2718 1095 2797 tempus
1109 2717 1221 2780 llsdras
1241 2715 1340 2780 scriba
1359 2713 1438 2798 legis
1452 2713 1551 2795 poste

367 2834 449 2882 roxx
460 2818 524 2883 fere
539 2836 632 2882 annos
643 2838 736 2899 quam
750 2819 903 2901 templum
917 2819 1019 2883 iuerat
1034 2821 1289 2896 consummatum,
1301 2817 1444 2883 defuncto
1459 2815 1524 2881 iam

399 2921 504 2998 Dario,
528 2921 580 3001 qui
595 2941 691 2986 unum
706 2923 743 2985 de
758 2922 872 3005 uiginti
887 2939 980 2986 annes
995 2941 1098 2986 rerum
1112 2921 1215 2987 fuerat
1229 2921 1356 3004 potitus,
1372 2918 1524 3001 permissu
1540 2937 1542 2943 ·
1651 2930 1654 2935 '

399 3021 576 3087 Artaxersis
595 3024 736 3102 secundi,
759 3042 819 3088 uon
840 3024 939 3103 illius,
969 3024 1022 3106 qui
1042 3024 1123 3089 inter
1143 3025 1219 3088 duos
1239 3024 1350 3089 Xerses
1370 3023 1447 3101 fuit,
1469 3021 1524 3087 sod

399 3125 506 3204 huius,
523 3126 576 3207 qui
590 3126 684 3190 Dario
700 3124 782 3190 Ocho
798 3129 999 3206 successerat,
1020 3127 1190 3209 Babylonia
1204 3126 1357 3208 profectus
1371 3125 1525 3206 multique

400 3248 471 3294 eum
497 3229 596 3293 secuti
610 3229 858 3311 Hierosolymam
876 3249 1042 3311 peruenere
1057 3248 1132 3293 uasa
1147 3229 1260 3293 diuersi
1275 3228 1374 3311 operis
1389 3229 1420 3292 et
1435 3227 1523 3305 dona,

366 3358 391 3399 11
400 3350 478 3413 quae
492 3351 545 3396 111
559 3333 674 3414 templo
689 3333 748 3396 Dei
762 3332 900 3410 miserat,
931 3351 1001 3396 11111
1016 3351 1068 3396 1111
1083 3331 1216 3395 Leuitis:
1237 3330 1290 3394 uix
1305 3330 1387 3394 enim
1401 3329 1452 3392 hic
1464 3344 1553 3400 uu·4

398 3453 503 3498 merus
518 3453 554 3499 11
568 3434 624 3499 illa
638 3435 724 3499 tribu
737 3436 875 3515 repertus
890 3435 1035 3499 traditur.
1064 3434 1092 3497 is
1114 3453 1184 3498 oum
1206 3431 1454 3513 deprehendisset
1468 3431 1522 3494 Iu-

399 3536 488 3600 daeos
514 3537 679 3619 gentilium
691 3537 827 3602 conubiis
839 3537 1016 3619 permixtos,
1039 3535 1148 3600 multis
1165 3534 1329 3616 increpitos
1346 3533 1521 3598 renuntiare

503 3774 539 3832 12
557 3775 623 3829 Hera
641 3775 666 3832 6.
702 3775 741 3831 23
759 3776 826 3829 Esra
843 3774 861 3830 7
880 3790 918 3843 sq.
955 3773 995 3830 26
1012 3774 1080 3827 Esra
1097 3773 1115 3830 9
1134 3789 1172 3842 sq.

448 4000 467 4056 3
485 3998 652 4054 meminimus
665 3997 703 4050 P:
715 3997 876 4050 mentionem
888 3996 998 4051 fecimus
1012 3998 1027 4050 b
1075 3995 1093 4052 6
1106 3995 1183 4049 armis
1196 4011 1247 4049 uuo
1258 4011 1321 4049 oce:
1334 4000 1482 4049 1111111111
1494 3995 1523 4048 Ρ

448 4086 466 4142 7
485 4084 642 4153 Sucdianus]
654 4083 738 4152 aalys
750 4082 896 4151 Sogdianus
948 4082 1117 4151 9ademptus
1135 4083 1163 4135 P
1215 4082 1251 4137 11
1269 4081 1416 4134 docimento
1428 4081 1521 4133 ammi·

397 4172 526 4225 rationem
544 4171 572 4224 P
645 4169 681 4224 12
699 4168 864 4237 concupisset
887 4169 1004 4222 malebat
1026 4167 1061 4220 de
1078 4168 1166 4221 Prata
1242 4166 1279 4222 14
1296 4167 1439 4235 imperaret
1455 4167 1520 4219 utb

399 4256 435 4313 16
453 4256 599 4325 ceperatP
649 4255 686 4310 21
705 4253 802 4307 made
815 4268 869 4307 ,111
884 4269 966 4306 anuos
979 4255 1017 4307 P:
1035 4253 1160 4306 unumdc
1173 4250 1521 4320 xxannisbtundeuiginti

396 4342 430 4396 de
441 4344 541 4413 Proto)
604 4341 643 4396 22
661 4341 821 4393 artarxerses
835 4339 863 4393 P
924 4339 963 4394 23
975 4338 1048 4391 dario
1061 4338 1109 4392 cho
1121 4339 1149 4392 P
1171 4341 1184 4406 11
1205 4337 1337 4405 multique
1357 4353 1416 4390 cum
1437 4335 1521 4389 secuti

396 4428 606 4497 Hierosolymam
616 4441 756 4495 peruenere
777 4439 842 4477 uasa
862 4423 963 4477 diuersi
980 4424 1067 4492 operis
1078 4425 1190 4492 scripsi:
1207 4423 1352 4491 multisque
1364 4438 1424 4476 eum
1435 4421 1521 4474 secuti

395 4513 593 4568 hierosolimam
613 4526 755 4580 peruenere
775 4525 840 4563 uasa
861 4508 961 4562 diuersi
981 4510 1068 4578 operis
1088 4510 1127 4573 P,
1149 4509 1295 4577 multisque
1311 4524 1371 4561 eum
1390 4505 1519 4575 sequutis,

395 4598 606 4668 Hierosolymam
616 4611 765 4665 peruenere.
783 4595 855 4649 Vasa
867 4611 969 4663 quoquc
980 4594 1081 4648 diuersi
1092 4595 1178 4664 operis
1190 4596 1206 4648 b
1256 4593 1294 4650 27
1306 4590 1469 4648 cocconubiis
1482 4593 1519 4657 P,

396 4684 534 4740 eomubirs
547 4683 607 4739 edd.

1293 4764 1315 4828 5
