3834 5634
755 751 871 808 Chron.
890 752 926 816 11,
945 750 1064 808 24-26.
1428 753 1468 819 81

351 904 559 989 signauimus,
582 905 655 987 quia
675 925 771 989 usque
793 907 825 972 in
846 907 928 972 hunc
941 926 1055 972 annum
1068 926 1122 990 per
1135 909 1273 990 tempora
1286 908 1470 974 Asianorum

349 1025 459 1091 regum
485 1007 691 1086 cucurrimus,
724 1010 761 1074 ut
785 1008 863 1074 ratio
887 1010 1060 1092 temporum
1085 1009 1206 1094 digesta
1234 1011 1357 1076 luceret.
1390 1023 1497 1078 nunes

350 1110 455 1176 autem
468 1128 523 1191 per
536 1110 674 1192 tempora
695 1129 817 1190 eorum,
839 1111 893 1194 qui
918 1111 1039 1177 ludaeis
1064 1112 1115 1177 uel
1128 1111 1284 1194 pontifices
1308 1114 1359 1178 uel
1383 1132 1470 1198 reges

348 1210 492 1292 fuerunt,
514 1214 664 1295 usquead
679 1201 796 1279 curisti
808 1213 1005 1280 natiuitatem
1019 1234 1121 1279 rerum
1135 1214 1272 1280 ordinem
1286 1216 1467 1299 digeremus.

326 1327 338 1368 ⁶
391 1314 493 1400 Igitur
514 1315 583 1397 post
604 1315 765 1382 Ionatham
787 1316 892 1383 Simon
912 1317 1008 1382 frater
1022 1316 1104 1396 eius,
1129 1318 1267 1399 utsupra
1280 1318 1397 1382 dietum
1411 1320 1467 1397 est,
1477 1317 1518 1380 2⁶

348 1417 498 1484 Hebraeis
511 1416 646 1500 praefuit
659 1417 726 1484 iure
739 1419 900 1501 pontificis.
924 1418 958 1483 id
978 1418 1060 1484 enim
1085 1419 1114 1483 ei
1135 1421 1249 1484 tumet
1274 1439 1293 1485 a
1317 1421 1380 1484 suis
1399 1422 1431 1485 et
1450 1439 1469 1485 a

349 1519 462 1603 populo
475 1519 611 1587 Romam
626 1520 748 1587 honoris
763 1522 908 1587 delatum.
931 1521 982 1586 hic
996 1540 1066 1586 cum
1080 1523 1209 1586 secundo
1223 1523 1372 1587 Demetrii
1386 1523 1495 1607 regies

348 1639 427 1689 anno
441 1621 561 1688 ciuibus
576 1640 713 1705 praeesse
728 1623 888 1706 coepisset,
903 1627 974 1706 post
988 1626 1055 1690 ceto
1067 1642 1158 1689 annos
1168 1624 1288 1689 insidiis
1299 1625 1467 1691 Ptolemaei

347 1724 573 1791 circumuentus
585 1726 735 1792 occubuit.
752 1726 825 1791 huic
835 1727 984 1792 Iohannes
995 1726 1077 1791 filius
1092 1727 1244 1792 successit.
1260 1728 1313 1809 qui
1328 1746 1398 1793 cum
1412 1729 1467 1793 ad·

310 1844 471 1892 reuersum
507 1828 681 1912 Hyrcanos,
721 1829 844 1912 gentem
870 1830 1109 1908 ualidissimam,
1143 1830 1262 1914 egregie
1291 1832 1465 1914 pugnasset,

345 1930 482 2014 Hyrcani
503 1947 670 2015 cognomen
690 1932 815 2014 accepit.
844 1934 984 1997 mortuns
1004 1933 1051 1996 est
1075 1950 1168 1997 annos
1188 1951 1225 1997 vr
1245 1934 1277 1997 et
1296 1952 1344 1996 xx
1364 1953 1466 1999 rerum

345 2033 473 2116 potitm.
501 2034 570 2115 poet
590 2033 672 2099 bunc
685 2033 883 2100 Aristobulus
907 2034 1044 2116 pontifex
1064 2035 1249 2100 substitutus
1268 2036 1386 2119 primus
1399 2046 1493 2101 (πη-3

344 2135 432 2200 nium
452 2136 522 2217 poet
547 2136 760 2218 captiuitatem
781 2138 902 2220 regium
921 2155 1029 2203 nomen
1052 2138 1218 2219 assumpsit
1232 2139 1385 2220 capitique
1398 2139 1465 2204 dia-

345 2237 435 2304 dema
447 2238 605 2321 imposuit.
630 2240 732 2303 exacto
747 2256 825 2302 anno
840 2239 922 2303 diem
942 2239 1066 2304 limatus
1083 2242 1138 2304 est.
1161 2238 1331 2304 Alexander
1345 2241 1494 2332 deinde‚4

308 2349 334 2390 ¹⁵
344 2339 427 2405 filius
445 2341 527 2418 eius,
542 2360 595 2404 rex
609 2340 726 2423 pariter
740 2342 771 2404 et
784 2340 921 2422 pontifex
935 2340 1011 2420 fuit,
1027 2342 1167 2424 regnauit
1181 2359 1274 2406 annes
1289 2361 1339 2406 v11
1354 2343 1385 2406 et
1398 2361 1463 2412 xx:

343 2443 376 2506 in
390 2442 478 2507 cuius
493 2443 612 2507 actibus
627 2443 706 2507 nihil
719 2443 839 2524 praeter
853 2443 1066 2508 crudelitatem
1086 2445 1233 2508 memoria
1247 2444 1374 2528 dignum
1396 2464 1464 2528 rep-

342 2545 415 2626 peri.
439 2545 489 2609 hic
503 2563 574 2610 cum
587 2544 802 2610 Aristobulum
817 2546 848 2610 et
862 2546 1039 2628 Hyrcanum
1058 2564 1168 2627 paruos
1185 2547 1264 2611 filios
1278 2549 1460 2629 reliquisset,

343 2645 447 2712 Salina
460 2648 526 2712 siue
540 2646 714 2712 Alexandra
727 2665 802 2712 uxor
815 2647 881 2712 eius
894 2667 1024 2732 regnum
1042 2667 1095 2730 per
1108 2666 1218 2714 nouem
1238 2668 1330 2715 annos
1349 2651 1457 2716 tenuit.
1473 2659 1491 2713 5

342 2750 412 2830 post
425 2748 517 2814 huius
533 2750 652 2814 obitum
672 2749 761 2814 foeda
775 2750 855 2816 inter
869 2749 980 2816 fratres
995 2752 1032 2816 de
1045 2769 1138 2835 regno
1153 2753 1326 2817 certamina.
1350 2767 1385 2818 ac
1398 2754 1464 2835 pri·

307 2867 430 2916 comum
449 2852 795 2934 Hyrcanusgimperium
815 2853 987 2918 obtinebat:
1008 2871 1079 2918 mox
1104 2854 1142 2919 ab
1167 2855 1344 2919 Aristobulo
1369 2855 1463 2921 fratre

342 2953 449 3034 pulsus
475 2953 613 3037 confugit
637 2955 677 3019 ad
702 2955 899 3037 Pompeium,
921 2956 975 3038 qui
995 2957 1063 3021 tum
1083 2957 1270 3023 Mitridatico
1289 2958 1369 3023 bello
1389 2976 1463 3023 oon-

345 3054 424 3120 fecto
438 3057 605 3139 pacataque
620 3055 766 3122 Armenia
781 3059 812 3122 et
826 3058 925 3122 Ponto
939 3059 1039 3123 uictor
1057 3060 1194 3123 omnium
1214 3061 1367 3143 gentium,
1388 3079 1462 3143 quas

347 3159 482 3237 adierat,
504 3159 671 3223 introrsum
694 3177 819 3243 pergere
845 3160 876 3224 et
895 3161 997 3225 uicina
1021 3180 1156 3243 quaeque
1180 3162 1315 3227 Romano
1335 3164 1462 3245 imperio

346 3261 513 3345 adiungere
533 3262 672 3344 cupiens,
695 3279 801 3326 causas
820 3261 894 3326 belli
910 3263 941 3326 et
959 3264 1121 3327 materiam
1134 3265 1275 3328 uincendi
1290 3264 1460 3346 quaerebat.
1487 3330 1490 3333 ,
1591 3323 1593 3327 Α

309 3385 334 3425 a
343 3363 444 3447 igitur
455 3365 631 3447 Hyrcanum
642 3363 741 3428 libens
754 3365 871 3445 excepit
881 3364 1033 3446 ductuque
1048 3365 1112 3428 eius
1127 3365 1254 3431 ludaeos
1268 3366 1459 3449 aggreditur:
1471 3374 1489 3427 6

344 3466 420 3530 mbo
447 3467 536 3548 capta
562 3467 654 3548 atque
679 3466 767 3531 eruta
786 3465 901 3548 templo
925 3467 1067 3547 pepercit.
1091 3466 1304 3532 Aristobulum
1322 3469 1460 3532 uinctum

343 3568 474 3633 Romam
495 3569 611 3647 mittit,
633 3570 774 3652 Hyrcano
794 3569 843 3633 ius
862 3568 1058 3651 pontificatus
1076 3570 1228 3635 restituit:
1250 3570 1391 3653 imposito
1406 3571 1460 3635 Iu-

343 3670 428 3735 daeis
449 3671 600 3754 stipendio
626 3671 851 3753 procuratorem
882 3671 925 3734 eis
944 3669 1145 3755 Antipatrum
1164 3674 1315 3755 quendam
1333 3673 1460 3738 Ascalo-

396 3857 414 3915 5
431 3857 594 3912 Jonathanb
617 3857 629 3924 ΙΙ
652 3873 743 3926 symon
761 3857 789 3910 P
839 3856 857 3912 6
873 3856 902 3910 id
914 3857 1027 3926 enimj—
1035 3860 1130 3929 populo
1145 3861 1254 3928 scripsi:
1273 3862 1300 3913 et
1311 3858 1340 3913 id
1350 3859 1421 3912 enim
1431 3859 1460 3913 et

343 3940 1459 4013 tudctasnisetapopuloP,idenimeitumaenis,tumetapopulob(Dru·

342 4028 413 4082 sium
432 4042 449 4082 a
459 4027 567 4097 regibus
579 4028 637 4082 aas
649 4028 706 4082 loeo
717 4027 789 4096 qaod
801 4034 840 4082 est
852 4043 868 4080 a
879 4030 974 4097 populo
986 4029 1045 4099 Ro.)
1089 4028 1108 4086 8
1119 4030 1245 4098 ptolomei
1256 4031 1285 4085 P
1329 4031 1365 4086 11
1377 4046 1458 4083 armos

343 4115 498 4167 vretxxr.
510 4113 614 4182 potitus
631 4112 783 4166 Gieelicce:
802 4116 1102 4169 anncvrctxxrerum
1112 4116 1214 4184 potitus
1225 4115 1306 4169 estP
1356 4114 1460 4170 12ari-

344 4197 461 4252 stobelue
488 4199 515 4252 P
579 4198 615 4256 15
633 4196 717 4266 filius]
728 4197 816 4251 ‘immo
836 4197 932 4264 frater,
959 4205 992 4253 ut
1012 4216 1046 4254 ea
1069 4200 1287 4270 Joeepboliqaat’
1308 4200 1345 4254 de
1357 4200 1457 4253 Prato

396 4282 432 4339 18
450 4283 543 4337 Salina
553 4283 593 4352 P,
611 4289 643 4337 ct
654 4283 723 4337 cccci.
736 4282 870 4337 Bruuius:
888 4284 1007 4340 Solinab
1029 4287 1041 4352 ΙΙ
1063 4286 1214 4340 alexandria
1225 4288 1252 4340 P
1308 4285 1344 4342 19
1361 4286 1457 4354 prim'd

342 4367 370 4436 (i.
384 4368 615 4439 e.primusum)P
664 4366 704 4424 20
720 4367 973 4424 moraristoboloP
1023 4370 1061 4427 23
1077 4370 1208 4426 aderatP
1229 4374 1242 4440 ΙΙ
1264 4371 1405 4425 introrsum
1418 4371 1456 4423 P:

343 4452 515 4508 ultromumb
575 4453 614 4510 24
630 4451 753 4508 uincendi
765 4454 803 4506 P:
821 4452 936 4508 incendii
948 4456 1052 4524 aliquot
1062 4457 1121 4511 edd.
1135 4464 1243 4512 resecat.
1304 4456 1342 4514 25
1359 4454 1459 4524 excipit

343 4539 604 4595 melebutdePruto
665 4539 703 4596 26
721 4540 797 4592 eruta
815 4540 853 4592 P:
871 4541 958 4595 arceb
980 4543 994 4610 ΙΙ
1015 4542 1133 4596 uinctum
1151 4543 1291 4612 Sigonius:
1309 4540 1457 4605 nictumP,

343 4625 379 4692 cs.
398 4624 454 4679 Jos.
472 4625 539 4680 Act.
552 4629 595 4694 14,
607 4629 633 4681 8.
652 4625 731 4680 Ftor.
745 4628 768 4689 1,
787 4628 829 4692 41,
848 4627 886 4678 30
897 4631 944 4680 etc.
1012 4627 1050 4684 27
1067 4628 1267 4697 impositoqueb
1329 4626 1368 4682 28
1385 4641 1457 4680 asco

343 4709 456 4764 lenitam
466 4711 506 4776 P,
524 4711 589 4765 item
595 4727 625 4780 p.
638 4713 686 4780 82,
699 4709 886 4764 cataloniae

1234 4803 1255 4866 6
