3834 5634
421 725 461 788 14
837 725 985 796 Sulpicii
1002 724 1118 778 Seueri

417 881 551 959 remisit,
574 901 769 963 praemonens
784 884 917 966 quinque
937 884 1037 948 adhuc
1058 900 1150 947 annos
1165 881 1279 945 famem
1294 879 1445 943 futuram:
1469 896 1540 942 cum

387 984 502 1064 epatre
522 985 612 1066 atque
632 986 715 1049 omni
736 987 880 1071 progenie
895 987 926 1051 et
941 986 1061 1051 familia
1075 984 1319 1067 commigrarent.
1343 982 1388 1046 ita
1401 981 1492 1045 Iacob
1507 982 1540 1046 in

417 1086 595 1170 Aegyptum
609 1088 778 1166 descendit,
801 1089 964 1173 Aegyptiis
984 1089 1150 1153 admodum
1168 1086 1368 1161 laetantibus,
1389 1085 1540 1169 gaudente

417 1207 501 1273 rege,
517 1189 645 1274 benigne
660 1211 678 1255 a
692 1191 755 1255 filio
770 1193 936 1274 susceptus.
958 1192 992 1255 id
1006 1192 1129 1276 gestum
1143 1207 1220 1254 anno
1241 1187 1349 1253 aetatis
1364 1187 1454 1252 Iacob
1469 1201 1546 1251 cen·

416 1291 525 1356 tesimo
540 1293 572 1357 et
584 1293 759 1378 trigesimo,
782 1313 801 1358 a
820 1294 938 1359 diluuio
958 1295 1062 1359 autem
1082 1310 1159 1358 anno
1175 1308 1266 1356 mccc
1280 1292 1311 1355 et
1325 1309 1381 1354 nx.
1405 1288 1540 1354 ceterum
1561 1303 1573 1342 ⁵

416 1393 454 1457 ab
469 1412 503 1458 eo
517 1396 667 1477 tempore,
691 1415 749 1479 quo
764 1397 921 1462 Abraham
936 1398 969 1462 in
983 1398 1064 1462 terra
1078 1395 1323 1460 chmanmorum
1338 1392 1488 1470 consedit,
1506 1392 1539 1457 in

386 1495 463 1574 sid,
480 1515 538 1578 quo
553 1498 643 1562 Iacob
658 1499 836 1583 Aegyptum
850 1500 1004 1584 ingressus
1019 1500 1075 1577 est,
1090 1497 1260 1563 referrmtur
1274 1496 1346 1561 anni
1361 1512 1460 1561 ccxv.
1476 1495 1538 1578 igi-

414 1600 467 1663 tur
486 1600 576 1664 Iacob
597 1601 726 1682 septimo
747 1603 778 1666 et
799 1602 915 1667 decimo
930 1620 1022 1680 anno,
1044 1620 1137 1684 quam
1156 1600 1189 1665 in
1208 1601 1349 1683 Aegypto
1364 1598 1537 1676 aduenerat,

415 1703 541 1786 urgente
567 1704 672 1767 morbo
698 1705 807 1786 Ioseph
831 1705 932 1769 filium
956 1704 1141 1780 obtestatur,
1164 1721 1271 1784 corpus
1291 1701 1448 1784 sepulchro
1468 1700 1539 1765 red*

386 1803 508 1869 rueret.
530 1805 599 1870 tum
619 1807 728 1888 loseph
742 1807 958 1872 benedicendos
978 1807 1057 1870 filios
1078 1824 1147 1870 suos
1167 1805 1296 1883 obtulit,
1319 1804 1430 1887 quibus
1444 1803 1570 1874 bene-1⁰

415 1906 520 1985 dictis,
543 1926 613 1972 cum
633 1909 737 1973 tamen
756 1910 974 1974 benedictionis
994 1909 1103 1974 merito
1124 1909 1233 1973 maiori
1247 1908 1396 1972 minorem
1410 1924 1535 1988 praepo-

414 2009 539 2089 suisset,
562 2010 641 2075 filios
656 2029 759 2076 omnes
774 2012 980 2077 benedictione
994 2011 1148 2077 lustrauit.
1171 2011 1300 2075 decessit
1319 2011 1422 2075 autem
1442 2027 1536 2074 annos

414 2113 503 2176 natus
518 2129 647 2179 cxnvrr.
670 2113 762 2179 funus
776 2115 936 2199 magnifice
951 2116 1106 2180 curatum:
1129 2132 1236 2196 corpus
1256 2114 1289 2178 in
1309 2112 1466 2194 sepulchro
1481 2131 1535 2194 pa-

385 2215 499 2279 strum
524 2216 632 2298 Ioseph
657 2217 801 2282 condidit.
825 2218 932 2283 fratres
952 2219 1022 2300 post
1040 2217 1136 2300 patris
1151 2217 1270 2281 obitum
1284 2234 1338 2297 pro
1354 2215 1536 2280 conscientia

414 2319 558 2398 pauentes
572 2319 701 2404 benigne
715 2321 833 2388 habuit.
855 2321 984 2385 decessit
1004 2322 1107 2384 autem
1127 2320 1236 2401 loseph
1255 2319 1320 2400 ipse
1335 2318 1443 2383 aetatis
1458 2336 1535 2383 anno
1545 2337 1569 2377 rs

415 2419 532 2485 decimo
547 2422 578 2486 et
593 2423 766 2488 centesimo.

368 2523 405 2587 ld
458 2524 560 2608 Igitur
595 2526 741 2605 Hebraei,
776 2526 828 2608 qui
855 2527 888 2592 in
920 2527 1099 2611 Aegyptum
1129 2526 1325 2603 deuenorant,
1358 2523 1536 2589 incredibile

415 2628 585 2692 memoratu
605 2629 651 2691 est
671 2629 843 2711 quamcito
864 2648 989 2694 numero
1009 2630 1092 2693 aucti
1113 2630 1175 2693 sint
1189 2628 1452 2709 multiplicataque
1466 2643 1537 2707 pro-

388 2729 502 2812 2genie
516 2731 694 2814 Aegyptum
707 2731 898 2812 repleuerint.
923 2732 975 2796 sed
990 2732 1131 2797 defuncto
1146 2750 1225 2816 rege,
1241 2731 1294 2813 qui
1309 2748 1359 2794 eos
1373 2729 1411 2793 ob
1426 2728 1537 2793 merita

414 2832 523 2912 Ioseph
543 2832 672 2916 benigne
693 2832 829 2911 fouebat,
852 2834 1078 2899 succedentium
1098 2854 1206 2918 regum
1230 2834 1358 2915 imperio
1385 2831 1570 2913 deprime-ro

414 2933 533 2998 bantur.
556 2953 629 2999 nam
643 2936 674 2999 et
688 2953 763 3017 opus
777 2937 889 3001 durum
903 2937 1158 3002 aedificandarum
1178 2937 1352 3001 ciuitatium
1373 2935 1416 2999 eis
1435 2935 1536 3015 impo-

414 3036 525 3115 situm,
548 3038 579 3101 et
593 3039 665 3119 quia
679 3039 742 3103 iam
756 3039 923 3104 multitudo
944 3040 1100 3105 abundans
1120 3039 1326 3116 metuebatur,
1349 3057 1386 3104 ne
1401 3037 1536 3119 quando-

415 3157 472 3221 que
487 3140 672 3223 llibertatem
697 3142 790 3206 armis
815 3142 1020 3221 uindicarent,
1043 3143 1186 3224 pamulos
1212 3161 1313 3206 recens
1334 3140 1431 3205 editos
1447 3139 1535 3221 aquis

385 3257 549 3327 emergere
572 3243 669 3308 edicto
695 3245 777 3328 regio
804 3245 996 3330 cogebantur.
1018 3264 1073 3310 nec
1087 3245 1276 3309 dissimulari
1297 3244 1456 3309 cruentum
1475 3243 1536 3306 im-

413 3346 532 3427 perium
552 3346 671 3411 licebat.
701 3367 760 3430 qua
780 3349 959 3430 tempestate
979 3349 1044 3414 filia
1063 3348 1229 3412 Pharaonis
1249 3347 1399 3412 infantem
1425 3347 1457 3410 in
1476 3343 1569 3409 liu-es

413 3449 496 3514 mine
510 3451 663 3531 repertum
678 3452 874 3516 nutriendum
889 3470 942 3533 pro
957 3451 1021 3516 filio
1037 3452 1170 3516 curauit:
1185 3469 1295 3515 nomen
1309 3467 1401 3532 puero
1415 3449 1536 3531 Moyses

384 3551 507 3621 ldedit.
523 3553 643 3636 Moyses
654 3553 714 3631 hic,
731 3573 800 3618 oum
812 3554 916 3619 uiriles
929 3573 1021 3620 annos
1033 3556 1145 3639 ageret,
1162 3554 1351 3636 conspicatur
1361 3552 1537 3616 Hebraeum

414 3653 451 3718 ab
463 3655 616 3738 Aegyptio
631 3655 761 3738 pulsari:
778 3674 836 3738 quo
850 3659 1005 3738 permotus
1021 3658 1130 3735 dolore,
1147 3656 1273 3721 fratrem
1287 3655 1325 3720 ab
1340 3655 1452 3719 iniuria
1466 3654 1536 3718 uin-

514 3875 615 3932 2Gcn.
633 3876 679 3932 46.
698 3876 744 3932 47.
782 3877 881 3934 resen.
901 3878 947 3936 48.
986 3879 1165 3935 1711110111.
1202 3878 1383 3940 1511001.

466 4081 731 4137 lannosb:ora.P
794 4085 910 4140 seur.-
930 4085 993 4138 ocb
1014 4087 1025 4152 ΙΙ
1050 4084 1128 4138 adse
1145 4085 1381 4155 commigrarentb
1404 4085 1416 4152 ΙΙ
1438 4084 1479 4136 ita
1495 4083 1534 4136 P:

412 4166 528 4234 Igiturb
587 4150 758 4227 50110111
779 4185 826 4224 cce
847 4170 1138 4237 Pcrcsccpostccc
1167 4173 1179 4238 ll
1208 4186 1246 4225 nx
1262 4170 1416 4224 (ibelinus.-
1435 4185 1488 4223 111.
1509 4170 1536 4223 P

464 4251 692 4308 bchananeorum
708 4256 735 4309 P
796 4256 860 4312 lid
880 4256 948 4324 quod
969 4256 1009 4309 Pb
1069 4255 1217 4324 8septimo
1238 4256 1337 4309 decimo
1360 4255 1490 4324 Sigonius
1512 4257 1525 4323 ΙΙ

412 4353 492 4406 quam
500 4337 529 4391 in
538 4339 682 4399 chralo:
696 4358 775 4410 quam
787 4342 838 4411 (ccl
846 4341 939 4410 quain)
950 4342 978 4395 P
994 4344 1006 4410 ΙΙ
1021 4341 1173 4411 Aegyptum
1184 4341 1313 4410 &pocius
1365 4340 1383 4396 9
1396 4341 1535 4409 sepulchro

412 4424 485 4478 suob
539 4425 576 4481 10
592 4426 834 4481 benedicendosP:
854 4427 925 4496 patri
936 4427 1155 4482 benedicendosb
1209 4425 1245 4482 13
1262 4429 1370 4495 patrum
1385 4427 1427 4480 P:
1452 4428 1535 4481 maio-

411 4511 497 4563 rumb
550 4511 587 4567 17
599 4512 715 4566 Hebraei
726 4513 838 4582 igilurb
859 4513 870 4580 ΙΙ
891 4515 1005 4582 aegypto
1018 4514 1045 4566 P
1064 4514 1076 4581 ΙΙ
1096 4511 1248 4566 incredibili
1261 4515 1287 4565 P
1338 4512 1374 4568 19
1389 4514 1486 4568 merito
1499 4513 1533 4579 P,

412 4594 564 4651 meritumb
616 4598 653 4654 21
672 4597 824 4653 ciuitatium
837 4602 874 4652 P.-
893 4597 1062 4653 cinitatumb
1114 4598 1152 4654 27
1171 4599 1369 4667 conspicatnsb
1426 4599 1465 4657 28
1483 4616 1534 4670 qno

411 4679 453 4733 P:
468 4676 549 4736 'orob
