3834 5634
290 769 344 814 XII

292 902 543 976 uetustissimis
567 898 756 997 exemplis,
795 908 834 969 ut
863 898 938 995 ipse
968 897 1090 969 testari
1121 923 1266 995 possum
1290 895 1407 970 tribus

288 1049 380 1121 quae
402 1023 563 1121 possidet
586 1018 799 1092 bibliotheca
822 1016 1044 1090 Monacensis
1067 1016 1248 1115 inspectis.
1281 1017 1318 1088 in
1352 1017 1406 1088 ed.

289 1141 456 1216 Vallarsii
477 1141 609 1238 legitur
630 1139 724 1211 inter
743 1137 875 1235 scripta
892 1135 1113 1234 Hieronymo
1132 1135 1318 1234 supposita
1338 1135 1406 1208 uol.

287 1261 344 1335 XI
365 1289 399 1361 p.
425 1265 491 1333 127
515 1287 593 1358 sqq.
617 1258 770 1355 denique
791 1284 872 1356 pars
896 1256 1055 1329 eiusdem
1078 1256 1246 1355 epistolae
1268 1255 1408 1328 inueni-

288 1393 350 1455 tur
384 1383 422 1453 in
457 1380 545 1454 actis
582 1377 723 1452 concilii
758 1377 1077 1475 Aquisgranensis,
1126 1401 1215 1473 quae
1246 1375 1407 1449 recensio

286 1502 455 1600 proxime
478 1501 522 1572 ad
545 1499 699 1597 optimos
722 1496 851 1586 libroS,
879 1496 1008 1594 quibus
1028 1496 1066 1569 L.
1089 1495 1297 1569 Holstenius
1322 1522 1407 1568 usus

288 1632 359 1711 est,
400 1620 546 1694 accedit.
579 1617 682 1691 nobis
714 1617 749 1689 in
780 1617 927 1716 epistola
960 1618 1177 1689 recensenda
1207 1617 1252 1687 ad
1280 1642 1407 1688 manus

287 1753 391 1815 erant
419 1739 589 1813 lectiones
620 1738 751 1811 codicis
774 1737 945 1826 Romani,
983 1737 1088 1809 unius
1121 1762 1168 1809 ex
1200 1735 1242 1808 iis
1276 1734 1407 1833 quibus

287 1859 497 1934 Holstenius
517 1885 602 1932 usus
621 1870 694 1948 est,
718 1857 761 1929 ab
789 1859 895 1954 Aug.
919 1855 1312 1929 Reifferscheidio
1344 1881 1407 1928 ex·

286 1980 458 2076 scriptae,
483 1978 615 2052 codicis
639 1976 957 2074 Cantabrigiensis,
987 2001 1074 2073 quas
1097 1986 1133 2047 et
1156 1975 1250 2074 ipsas
1274 1975 1407 2072 insigni

288 2099 398 2193 Angli
419 2099 548 2174 Muuro
564 2097 830 2170 beneuolentiae
845 2095 973 2186 debeo,
997 2095 1128 2168 codicis
1148 2096 1301 2192 denique
1316 2094 1406 2166 Vin-

286 2217 505 2292 doboncnsis
529 2217 697 2315 Theolog.
717 2244 815 2289 num.
834 2221 906 2289 664
923 2219 973 2314 (11.
989 2214 1099 2288 Oodd.
1118 2241 1200 2287 mss.
1217 2214 1330 2306 theol.
1351 2215 1405 2287 ed.

286 2336 398 2412 Denis
420 2335 448 2428 I,
476 2344 507 2429 1,
531 2366 564 2438 p.
586 2341 655 2412 891
682 2350 717 2411 61
739 2336 891 2410 Tabulae
913 2337 1013 2410 codd.
1028 2335 1185 2410 Vindob.
1206 2334 1234 2425 Ι,
1251 2362 1284 2433 p.
1303 2336 1404 2432 143),

286 2485 375 2556 quas
409 2457 763 2532 Kuerschnerus
804 2457 935 2531 sodalis
984 2455 1161 2529 seminarii
1200 2453 1406 2553 philologici

286 2578 579 2653 Vindoboncnsis
595 2578 633 2650 in
647 2604 766 2651 meum
782 2605 884 2650 usum
904 2577 1104 2674 exscripsit.
1136 2578 1268 2648 horum
1288 2574 1403 2649 subsi-

286 2698 430 2771 diorum
467 2725 534 2797 ope
569 2698 704 2795 aliquot
740 2697 862 2770 saltem
898 2697 985 2770 locis
1021 2698 1193 2795 optimam
1223 2694 1403 2769 Holstenii

285 2817 532 2891 recensionem
554 2818 743 2889 emendare
764 2816 955 2915 potuimus.

339 3056 506 3154 Reliquas
530 3056 688 3153 quinque
711 3056 877 3155 epistolas
900 3055 1044 3129 Lucas
1069 3055 1306 3154 D'Achery
1328 3056 1402 3153 pri·

289 3203 387 3249 mum
411 3179 447 3248 in
473 3176 663 3275 Spicilegio
687 3176 737 3266 V,
769 3203 802 3275 p.
828 3178 899 3248 532
923 3202 999 3273 sqq.
1024 3201 1070 3248 ex
1093 3175 1214 3248 codice
1236 3175 1401 3248 Romano

286 3296 325 3369 in
347 3297 462 3370 lucem
484 3297 651 3396 protulit,
676 3322 782 3394 quem
801 3296 917 3394 ipsum
940 3297 1182 3393 Augustus
1205 3295 1402 3368 Reiffer-

285 3417 450 3490 scheid
481 3417 518 3488 in
543 3416 756 3490 bibliotheca
778 3415 949 3489 Vaticana
971 3414 1065 3487 inter
1087 3415 1196 3486 libros
1219 3415 1401 3488 Palatinos

287 3540 416 3609 11829
454 3536 590 3609 iterum
629 3536 767 3609 inuenit
798 3546 925 3633 etqua
956 3547 1011 3608 est
1032 3535 1069 3606 in
1093 3560 1149 3607 me
1172 3534 1399 3608 officiositate

284 3655 454 3728 lectiones
478 3656 719 3755 discrepantes
737 3680 876 3730 mecum
896 3655 1183 3728 communicauit.
1207 3680 1254 3727 ex
1272 3656 1400 3728 eodem

283 3774 407 3848 codice
442 3775 641 3873 descriptae
674 3771 854 3873 praeterea
884 3784 1027 3847 exstant
1059 3774 1095 3846 in
1128 3776 1205 3848 cod.
1238 3775 1401 3848 Palatino

282 3921 319 3968 n.
344 3898 427 3967 828.

338 4133 429 4207 (lum
451 4133 540 4207 mihi
563 4135 707 4232 quidem
736 4136 964 4209 manifestum
995 4136 1157 4211 uideatur
1184 4135 1316 4208 nullam
1337 4134 1401 4206 ha·

284 4280 367 4328 rum
390 4264 525 4352 septem
549 4254 803 4353 epistolarum,
823 4256 954 4356 quippe
973 4284 1122 4355 quarum
1143 4281 1259 4329 sermo
1278 4281 1298 4326 a
1316 4254 1400 4327 stilo

283 4373 525 4471 genuinorum
548 4375 694 4474 Sulpicii
724 4375 899 4449 librorum
934 4402 1082 4476 prorsus
1111 4374 1316 4465 abhorreat,
1354 4375 1400 4446 ad

281 4519 367 4567 eum
400 4503 579 4567 auctorem
610 4495 735 4568 referri
756 4521 880 4595 posse,
922 4498 983 4569 diu
1013 4495 1237 4592 multumque
1258 4520 1400 4568 mecum

282 4613 452 4713 reputaui
474 4640 561 4686 num
583 4613 621 4686 in
644 4641 774 4689 nouam
802 4615 996 4690 editionem
1025 4614 1248 4714 recipiendae
1266 4625 1396 4691 essent.
