3834 5634
418 717 460 781 86
828 714 977 782 Sulpicii
1001 714 1117 768 Seueri

417 888 489 951 pore
503 868 617 932 conati:
639 869 732 932 misso
748 870 880 933 exercitu
902 869 1021 934 subacti
1042 870 1122 932 sunt.
1146 887 1205 950 qua
1225 868 1407 950 tempestate
1421 867 1536 933 Adria-

420 990 493 1050 nus,
516 972 693 1036 existimans
713 990 744 1036 sa
766 971 970 1037 Christianam
990 971 1083 1036 fidem
1096 972 1155 1035 looi
1170 971 1282 1036 iniuria
1296 973 1537 1054 perempturum,

418 1076 450 1138 et
474 1075 507 1138 in
531 1074 645 1155 templo
672 1075 703 1139 61
728 1075 792 1139 loco
812 1075 991 1139 Dominicao
1010 1074 1157 1156 passionis
1178 1075 1360 1138 daemonnm
1374 1073 1539 1138 simulacra

389 1177 586 1250 accustituit.
610 1177 641 1241 et
661 1177 733 1259 quia
759 1175 924 1242 Christiani
945 1197 981 1242 ex
1006 1177 1128 1241 ludaeis
1143 1177 1338 1258 potissimum
1352 1176 1539 1257 putabantur

418 1317 458 1326 -
470 1298 600 1360 namque
620 1280 689 1344 tum
709 1280 939 1363 Hierosolymae
955 1298 1016 1344 non
1034 1281 1095 1343 uisi
1115 1298 1151 1343 ex
1166 1280 1393 1344 circumcisione
1407 1279 1539 1344 habebat
1560 1303 1571 1342 1

417 1381 543 1446 ccclesia
557 1383 744 1447 sacerdotem
760 1421 799 1428 -
815 1383 952 1447 militum
968 1383 1122 1447 cohortem
1137 1382 1288 1446 custodias
1309 1382 1342 1446 in
1357 1383 1538 1464 perpetuum

417 1485 533 1568 agitare
546 1485 652 1562 iussit,
676 1503 753 1566 quae
778 1485 907 1550 Iudaeos
932 1503 1036 1550 omnes
1057 1485 1286 1568 Hierosolymae
1307 1485 1394 1549 aditu
1412 1486 1537 1549 arceret.

388 1588 497 1669 aquod
512 1587 636 1669 quidem
651 1585 840 1652 Christianae
854 1587 925 1652 fidei
942 1587 1133 1668 proficiebat,
1156 1587 1228 1668 quia
1242 1588 1311 1651 tum
1325 1606 1419 1668 paene
1434 1605 1539 1652 omnes

417 1688 573 1754 Christum
597 1691 699 1761 Deum
724 1690 780 1754 sub
806 1690 884 1774 legis
909 1690 1120 1755 obseruatione
1145 1689 1316 1754 credebant.
1339 1690 1486 1754 nimirum
1505 1689 1539 1753 id

416 1792 546 1857 Domino
562 1793 718 1858 ordinante
737 1793 935 1874 dispositum,
957 1794 994 1857 111
1012 1793 1091 1876 legis
1112 1793 1243 1856 seruitus
1264 1811 1283 1856 a
1302 1792 1444 1856 libertate
1466 1791 1574 1856 fideiro

389 1895 508 1976 satque
522 1894 663 1959 ecclesiae
684 1895 849 1960 tolleretur.
872 1896 918 1960 ita
943 1896 1012 1958 tum
1037 1896 1172 1976 primum
1197 1895 1318 1958 Marcus
1339 1895 1539 1977 exgentibus

417 1999 498 2080 apud
520 1998 767 2080 Hierosolymam
792 1999 948 2080 episcopus
974 1997 1044 2062 fuit.
1073 1998 1182 2079 quarta
1203 1997 1259 2061 sub
1280 1996 1415 2060 Adriano
1436 2015 1538 2078 perse·

418 2101 499 2164 cutio
514 2101 703 2177 numeratur,
720 2119 812 2182 quam
827 2101 930 2164 tamen
943 2102 1049 2182 postea
1064 2100 1193 2164 exerceri
1207 2099 1372 2180 prohibuit,
1388 2099 1539 2163 iniustum

418 2221 482 2266 esso
498 2203 711 2284 pronuntians,
734 2203 769 2266 ut
784 2203 945 2284 quisquam
960 2202 1025 2266 sino
1040 2203 1166 2266 crimine
1180 2221 1249 2266 reus
1264 2203 1508 2266 constitueretur.

369 2303 407 2364 32
459 2305 534 2367 Post
553 2303 724 2368 Adriauum
738 2304 892 2369 Antonino
907 2305 964 2368 Pio
978 2305 1146 2386 imperante
1165 2325 1225 2387 pax
1239 2304 1373 2369 ecclesiis
1387 2303 1457 2368 fuit.
1481 2304 1538 2367 sub
1549 2332 1572 2372 1

417 2406 542 2470 Aurelio
558 2407 681 2484 deinde,
704 2407 851 2471 Antonini
864 2407 943 2484 filio,
966 2408 1133 2488 persecutio
1149 2407 1256 2489 quinta
1269 2407 1396 2490 agitata.
1420 2426 1455 2471 ac
1469 2407 1538 2471 tum

418 2510 552 2590 primum
566 2493 648 2573 intra
662 2509 780 2574 Gallias
794 2510 941 2593 martyria
955 2511 1038 2587 uisa,
1061 2511 1157 2575 serius
1171 2510 1255 2574 trans
1272 2510 1367 2593 Alpes
1386 2510 1446 2574 Dei
1465 2509 1538 2574 reli·

418 2613 507 2696 gioue
533 2613 681 2693 suscepta.
715 2613 800 2676 sexta
824 2613 932 2676 deinde
962 2611 1072 2676 Seuero
1097 2613 1267 2693 imperante
1296 2611 1539 2676 Christianorum

391 2715 540 2779 auexatio
565 2713 635 2778 fnit.
660 2732 718 2796 quo
744 2715 880 2796 tempore
905 2715 1054 2792 Leonida,
1077 2712 1218 2797 Origeuis
1238 2715 1340 2795 pater,
1363 2732 1484 2778 sacrum
1506 2713 1539 2778 iu

418 2817 565 2899 martyrio
587 2818 766 2899 sauguinem
786 2817 876 2882 fudit.
900 2817 1067 2882 interiectis
1089 2817 1198 2881 deinde
1220 2817 1306 2881 annis
1328 2836 1392 2881 vnr
1413 2817 1445 2880 ot
1464 2833 1574 2879 xxxao

418 2938 476 2999 pax
501 2918 681 2983 Christianis
707 2919 783 2997 fuit,
805 2921 864 2984 nisi
891 2920 971 3001 quod
995 2920 1096 2983 medio
1111 2920 1247 3000 temporo
1262 2919 1448 2983 Maximinus
1462 2935 1539 2982 non·

392 3021 574 3085 3nullarum
589 3022 783 3086 ecclesiarum
798 3022 920 3086 clericos
936 3021 1068 3086 uexauit.
1099 3040 1169 3086 mox
1183 3022 1276 3086 Decio
1290 3021 1460 3102 imperante
1474 3020 1541 3084 iam

420 3125 489 3186 tum
503 3124 633 3203 septima
643 3124 849 3205 persecutione
864 3125 1016 3188 saeuitum
1027 3125 1060 3189 in
1071 3124 1266 3189 Christianos.
1284 3124 1355 3188 inde
1361 3123 1541 3188 Valerianus

392 3226 546 3290 4ootauus
566 3228 739 3290 sanatorum
758 3227 855 3290 hostis
875 3225 944 3291 fuit.
968 3228 1038 3309 post
1063 3245 1148 3305 eum,
1171 3226 1338 3291 interiectis
1364 3225 1451 3290 annis
1477 3223 1541 3289 fere

421 3329 657 3411 quinquaginta,
685 3329 873 3393 Diocletiano
897 3330 928 3393 61
950 3329 1135 3393 Maximiano
1160 3328 1382 3410 imperantibus
1407 3327 1575 3392 acerbis-²⁵

422 3432 500 3495 sima
510 3432 678 3512 persecutio
690 3432 802 3508 exorta,
818 3451 895 3513 quae
905 3451 959 3513 per
969 3432 1073 3496 docem
1084 3431 1241 3495 continuos
1252 3449 1345 3495 annos
1356 3430 1476 3512 plebem
1483 3428 1542 3493 Dei

422 3533 606 3616 depopulata
620 3535 674 3598 est.
692 3552 751 3614 qua
766 3534 949 3615 tempestate
964 3534 1062 3598 omnis
1078 3533 1140 3598 fere
1154 3550 1238 3598 sacro
1249 3535 1422 3615 martyrum
1436 3549 1543 3596 cruore

422 3636 504 3699 orbis
518 3636 648 3701 infectus
670 3638 731 3700 est:
754 3637 865 3717 quippe
880 3637 1023 3701 certatim
1042 3636 1174 3719 gloriosa
1193 3635 1226 3700 in
1246 3636 1412 3700 certamina
1431 3634 1542 3699 meba-

422 3740 474 3802 tur
488 3738 646 3821 multoque
661 3738 782 3803 auidius
797 3739 866 3803 tum
880 3739 1028 3822 martyria
1041 3738 1181 3822 gloriosis
1195 3737 1345 3802 mortibus
1356 3736 1543 3819 quaereban-

422 3842 489 3917 tur,
523 3860 615 3922 quam
645 3858 724 3905 nunc
750 3841 940 3923 episcopatus
965 3841 1067 3924 prauis
1102 3839 1320 3904 ambitionibus
1345 3839 1578 3921 appetunturn

395 3943 516 4010 trullis
530 3963 677 4026 umquam
692 3943 792 4026 magis
807 3943 896 4007 bohis
911 3944 1044 4007 mundus
1059 3943 1222 4007 exhaustus
1237 3944 1300 4020 ost,
1315 3960 1412 4023 neque
1426 3941 1543 4005 maiore

423 4064 570 4126 umquam
595 4046 751 4128 triumpho
777 4045 923 4124 uicimus,
946 4065 1039 4127 quam
1057 4064 1126 4109 cum
1142 4047 1245 4110 decom
1267 4062 1414 4109 annorum
1429 4043 1543 4126 stragi-

478 4250 493 4305 1
507 4249 588 4303 misso
595 4250 634 4302 P:
646 4248 778 4317 missoque
790 4251 806 4303 b
852 4249 871 4306 3
883 4251 911 4302 et
920 4248 949 4301 in
957 4247 1058 4316 templo
1067 4250 1095 4302 61
1103 4248 1159 4302 1666
1169 4249 1206 4301 P:
1220 4245 1288 4301 6111
1300 4247 1398 4316 templo
1410 4262 1440 4299 ac
1452 4246 1508 4299 loco
1520 4246 1544 4310 b,

424 4352 480 4403 qua
490 4336 592 4389 uitiosa
601 4335 742 4402 arrepturo
754 4334 787 4388 de
796 4335 884 4388 Proto
895 4334 1027 4387 inductus
1039 4339 1078 4387 661
1088 4339 1121 4387 ut
1132 4334 1219 4387 locam
1229 4349 1356 4386 mancuso
1368 4347 1422 4385 esse
1430 4336 1546 4399 putaret

425 4421 482 4474 coll.
496 4419 614 4473 Paulini
632 4435 671 4486 ep.
685 4423 720 4472 31
732 4425 757 4472 et
768 4420 883 4473 Hieron.
903 4435 941 4486 cp.
956 4423 999 4472 58.
1065 4418 1333 4486 (iimperpetunmP
1399 4416 1436 4473 13
1453 4418 1547 4484 postca

425 4506 481 4558 Pb:
499 4507 560 4573 post
576 4505 679 4572 1111111661
699 4504 757 4557 edd.
771 4511 879 4558 recentt.
956 4503 991 4560 19
1010 4503 1114 4557 leonida
1126 4504 1166 4557 P:
1184 4503 1313 4556 Leonidas
1326 4503 1354 4565 b,
1372 4502 1501 4555 Leonides
1512 4501 1547 4555 dc

426 4591 515 4644 Proto
533 4607 593 4644 com
609 4590 726 4643 Masebio
789 4590 826 4646 22
845 4590 969 4643 iamtum
985 4591 1145 4643 circanam
1157 4595 1195 4642 cst
1258 4589 1297 4647 25
1314 4587 1475 4642 Maximiano
1488 4587 1543 4641 Pb:

427 4675 616 4729 Maximiniano
623 4692 714 4743 proce
725 4675 783 4729 edd.
797 4676 902 4730 Horati
914 4682 938 4728 et
954 4675 1055 4729 Vorsto'i
