3834 5634
444 743 470 789 X

443 879 544 956 sitos.
568 906 634 954 nec
654 880 741 953 haec
763 891 904 953 tantum
926 877 1036 951 editio
1058 877 1250 952 Lazianam
1269 879 1477 966 antecessit,
1501 877 1564 950 sed

443 1009 517 1073 tres
539 1011 723 1099 praeterea
745 999 847 1090 aliae,
883 1025 952 1071 una
983 1024 1072 1097 quae
1101 997 1245 1071 Zwollis
1268 997 1365 1096 typis
1388 996 1488 1070 Petri
1511 996 1563 1072 Os

443 1120 488 1193 de
507 1119 621 1192 Breda
639 1119 780 1193 circiter
802 1146 830 1191 a.
857 1120 997 1217 1500*)
1020 1119 1194 1218 impressa
1211 1129 1280 1208 est,
1304 1118 1431 1208 altera,
1456 1143 1564 1215 quam

442 1240 557 1313 Aldus
580 1240 617 1312 in
640 1238 784 1339 Sylloge
806 1251 994 1338 poetarum
1010 1239 1298 1313 Christianorum
1320 1264 1348 1310 a.
1372 1241 1465 1310 1501
1489 1235 1563 1309 edi-

442 1358 496 1431 dit
505 1360 577 1457 **),
605 1359 711 1433 tertia
739 1359 892 1457 denique
918 1358 962 1432 ab
981 1360 1121 1433 Jodoco
1141 1358 1343 1432 Olichtouio
1362 1356 1509 1430 Parisiis
1532 1383 1562 1430 a.

444 1484 689 1553 1511111111.
712 1493 872 1553 ceterum
893 1505 960 1578 ego
979 1480 1017 1552 in
1033 1479 1090 1552 his
1108 1478 1209 1552 libris
1225 1478 1452 1552 recensendis
1470 1478 1563 1551 hanc

440 1599 529 1673 mihi
550 1599 664 1698 legem
687 1599 808 1699 posui,
833 1610 873 1672 ut
895 1598 1024 1699 optimi
1037 1598 1256 1672 Veronensis
1279 1599 1467 1687 lectiones,
1491 1597 1563 1670 nisi

439 1719 629 1793 manifesto
653 1730 841 1818 corruptae
871 1719 1096 1810 uiderentur,
1132 1744 1271 1791 summa
1300 1743 1381 1790 cum
1402 1716 1475 1789 fide
1498 1742 1562 1789 ex-

438 1838 645 1937 primerem:
669 1838 807 1941 namin
825 1837 943 1929 libris,
967 1837 1118 1936 quiquo
1138 1837 1278 1936 saepius
1295 1835 1560 1925 lectitabantur,

439 1981 483 2030 eo
507 1957 619 2054 magis
641 1956 847 2056 interpolati
871 1968 975 2048 sunt,
1007 1985 1064 2031 res
1088 1983 1216 2057 anceps
1239 1956 1431 2029 uidebatur
1466 1956 1561 2027 inter

439 2075 601 2150 diuersas
624 2076 789 2150 codicum
806 2077 957 2150 familias
975 2078 1084 2149 modo
1103 2078 1198 2150 hanc
1215 2077 1324 2149 modo
1343 2076 1439 2148 illam
1459 2075 1561 2171 sequi

440 2207 477 2270 et
507 2197 702 2269 lectionum
730 2196 915 2295 optionem
944 2198 1047 2294 quasi
1076 2195 1303 2269 arbitrariam
1331 2197 1457 2267 facere.
1492 2194 1559 2267 hos

437 2326 556 2390 autem
587 2315 699 2389 libros
728 2315 968 2415 iampridem
996 2315 1230 2414 interpolatos
1253 2341 1331 2388 esse
1354 2313 1560 2387 1111111111-

437 2435 635 2510 lentissime
658 2447 823 2534 apparet,
864 2436 962 2532 quod
997 2434 1035 2506 in
1071 2435 1180 2508 altera
1213 2435 1345 2508 familia
1379 2434 1479 2507 locus
1518 2434 1562 2506 de

437 2548 664 2630 Antichristo
695 2555 803 2651 (nial.
834 2555 870 2628 II
902 2580 930 2628 1.
958 2557 1022 2652 14)
1052 2557 1189 2628 deletus
1221 2566 1296 2646 est,
1320 2554 1454 2628 scilicet
1476 2553 1560 2651 quia

436 2675 661 2774 praesagium
684 2701 703 2746 a
726 2672 884 2771 Sulpicio
907 2674 1041 2746 factum
1063 2675 1192 2747 falsum
1213 2676 1324 2748 fuisse
1347 2673 1452 2773 paulo
1475 2684 1556 2772 post

437 2796 624 2892 cognitum
656 2804 728 2867 est:
765 2803 889 2866 contra
917 2794 955 2865 in
987 2792 1097 2866 altera
1119 2794 1342 2867 desideratur
1365 2794 1556 2867 uehemens

436 2913 475 2986 in
496 2913 715 2987 Brictionem
737 2913 894 2986 inuectio
918 2912 1025 3010 (Dial.
1049 2913 1114 3004 Ill,
1139 2940 1168 2987 c.
1195 2919 1239 2986 15
1265 2916 1357 3011 sq.),
1380 2939 1488 3011 quam
1512 2913 1558 2985 ob

363 3076 368 3083 ι
437 3033 557 3107 Sancti
592 3033 831 3106 reuerentiam
866 3035 904 3105 in
940 3032 1062 3106 multis
1097 3033 1198 3107 libris
1234 3034 1448 3140 exstinctam
1480 3057 1557 3104 esse

486 3341 511 3410 *l
523 3340 579 3394 Alii
600 3356 658 3393 eam
679 3355 746 3394 anno
768 3339 857 3402 1490,
886 3339 934 3392 alii
956 3355 979 3392 1.
1003 3339 1079 3398 1495
1101 3339 1262 3394 adscribunt.
1281 3337 1387 3390 Titulus
1409 3336 1498 3389 libelli
1520 3335 1557 3391 36

436 3425 509 3480 loliis
528 3426 675 3479 constantis
695 3426 739 3478 hic
759 3428 813 3479 est:
839 3425 873 3477 In
892 3423 941 3478 hoc
962 3441 1039 3493 opera
1061 3426 1212 3478 continetur
1236 3424 1295 3476 uita
1319 3422 1455 3487 Martini!
1476 3421 1558 3473 Turo-

437 3512 527 3565 nensis
545 3513 736 3581 arehiepiscopi
753 3511 819 3567 Cum
841 3511 963 3579 1111111
983 3512 1116 3580 opusculis
1133 3511 1304 3580 dyologomm
1320 3524 1367 3578 per
1382 3509 1386 3574 l
1402 3509 1502 3576 scripta
1525 3507 1558 3560 ab

438 3598 634 3666 eloquetissimo
656 3599 659 3665 Ι
679 3597 790 3653 Oratore
813 3596 908 3650 Seuero
929 3597 977 3650 Sul
992 3601 997 3665 ,1
1010 3597 1078 3665 pitio
1100 3594 1216 3650 eiusdem
1236 3595 1309 3663 11111
1325 3593 1487 3648 sanctissimi
1505 3595 1558 3650 dis·

436 3682 530 3752 cipnlo.

486 3854 527 3924 **)
544 3852 562 3908 J
564 3869 600 3906 11.
614 3853 724 3909 Carolus
744 3854 846 3907 Brunet
867 3853 996 3908 describit
1016 3854 1135 3923 (Manuel
1151 3853 1186 3908 du
1202 3853 1325 3908 Libraire
1337 3856 1388 3909 nol
1401 3855 1426 3910 V
1437 3856 1485 3909 col.
1500 3855 1556 3911 322

435 3937 475 3993 ed.
485 3938 529 4009 V.)
547 3939 690 3993 editionem
715 3939 753 3993 sic
774 3939 941 4008 inscriptam:
960 3939 1101 4008 ‘Sulpicius
1123 3939 1234 3994 Seuerus
1256 3939 1288 3994 da
1308 3942 1367 3995 uita
1388 3942 1415 3994 11
1435 3941 1510 3994 obitu
1530 3939 1555 3992 S·

434 4023 548 4078 Martini
565 4025 681 4094 episcopi
701 4025 866 4079 Turonensis.
885 4025 965 4079 Beati
981 4025 1086 4078 Nicolai
1103 4026 1234 4094 myrensis
1253 4027 1312 4080 nita
1332 4028 1391 4081 eto'
1410 4041 1489 4093 quam
1503 4026 1555 4078 Ve-

434 4110 517 4163 netiis
534 4111 607 4179 typis
628 4127 777 4180 expressam
798 4128 854 4164 esse
875 4112 1032 4180 suspicatur.
1051 4111 1116 4164 haec
1137 4113 1286 4166 coniectura
1305 4113 1397 4180 utique
1418 4127 1481 4164 uera
1502 4112 1556 4164 est²

433 4211 496 4249 nam
514 4196 596 4249 editio
618 4197 652 4250 ab
672 4213 702 4250 eo
725 4196 857 4266 descripta
878 4214 930 4251 non
947 4197 1054 4250 aliaest
1075 4197 1129 4250 nisi
1149 4198 1208 4267 ipsa
1227 4198 1325 4251 Aldina
1345 4197 1402 4250 siue
1420 4213 1483 4266 pars
1501 4197 1555 4265 syl·

433 4281 507 4350 loges
524 4284 663 4350 poetarum
684 4282 910 4338 Christianomm:
934 4283 1003 4351 quod
1023 4281 1094 4336 idem
1116 4283 1146 4336 in
1171 4283 1233 4336 aliis
1254 4299 1356 4350 quoque
1375 4282 1481 4337 Aldinis
1502 4283 1556 4335 fao-

433 4367 493 4420 tnm
511 4366 668 4432 inuenimus‚
690 4370 722 4422 nt
742 4385 758 4422 a
778 4369 897 4422 librariis
915 4371 962 4422 111
979 4369 1013 4422 ab
1024 4369 1202 4438 exemplorum
1219 4368 1411 4436 possessoribus
1425 4369 1454 4422 in
1465 4373 1555 4439 partes

434 4451 555 4521 singulas
576 4452 775 4508 dissecarentur.
794 4450 880 4522 partis
901 4454 988 4519 illius,
1007 4470 1074 4522 quae
1092 4455 1161 4508 solas
1183 4453 1253 4505 uitas
1264 4454 1377 4507 Martini
1398 4457 1425 4508 et
1449 4457 1555 4510 Nicolai

433 4539 563 4604 continet,
588 4540 734 4608 exemplum
761 4556 776 4592 a
801 4539 903 4608 reliquo
925 4555 1030 4608 corpore
1051 4539 1198 4593 seiunctum
1220 4537 1248 4591 111
1268 4538 1431 4594 bibliotheca
1452 4557 1554 4612 quoque

433 4621 586 4678 Monacensi
598 4623 754 4680 inuenimus.
