3834 5634
420 743 463 807 30
838 741 985 811 Sulpicii
1008 741 1122 795 Seueri

421 897 549 961 domurn
577 897 703 974 rediret,
732 897 797 963 filia
817 898 846 962 ei
869 898 993 963 obuiam
1007 898 1059 974 fit,
1082 915 1158 978 quae
1172 896 1291 978 patrem
1306 894 1467 975 exceptura
1481 891 1549 956 uic·

421 1001 519 1071 torem
534 1019 605 1064 eum
624 1001 779 1084 tympanis
799 1002 830 1065 et
849 1001 949 1065 choris
969 1001 1050 1065 laeta
1069 999 1263 1082 processerat.
1286 999 1356 1061 tum
1370 998 1464 1078 Iepta.
1477 1014 1568 1067 con·‚

422 1104 588 1181 stematus‚
611 1104 713 1168 dolore
733 1104 892 1168 conscissis
907 1105 1061 1180 uestibus,
1084 1103 1200 1167 indicat
1225 1101 1307 1165 fihae
1327 1099 1392 1165 uoti
1417 1098 1549 1163 necessi·

293 1242 298 1259 ,
421 1206 527 1270 tatem.
550 1207 583 1270 at
603 1206 658 1271 illa
679 1225 738 1271 non
759 1207 891 1271 feminea
911 1206 1097 1283 constantia,
1120 1205 1200 1269 mori
1218 1222 1279 1268 non
1293 1221 1449 1280 recusans,
1473 1203 1549 1267 duos

420 1308 542 1372 tantum
557 1310 661 1373 tamen
675 1328 793 1374 menses
808 1311 890 1374 uitae
905 1310 1041 1391 spatium
1054 1309 1147 1391 petit,
1170 1309 1206 1371 ut
1220 1306 1359 1388 aequales
1374 1324 1444 1370 suas
1464 1305 1550 1386 prius
1572 1317 1584 1355 ⁵

420 1410 547 1476 uideret.
572 1412 683 1493 quibus
704 1413 780 1478 actis
797 1413 879 1477 ultro
899 1413 938 1477 ad
958 1414 1079 1494 patrem
1100 1411 1192 1476 rediit
1206 1411 1375 1491 uotumque
1394 1409 1459 1472 Deo
1478 1408 1549 1472 red·

392 1512 510 1578 7didit.
535 1515 621 1596 lepta
640 1514 847 1597 principatum
867 1534 918 1580 ser
938 1515 1026 1580 annis
1040 1514 1150 1579 tenuit.
1173 1513 1246 1577 huic
1259 1513 1379 1577 Esebon
1393 1511 1549 1589 successit,

420 1617 452 1680 ct
465 1617 641 1698 tranquillis
657 1618 745 1681 rebus
761 1620 863 1682 exacto
879 1618 1007 1700 imperio
1022 1636 1100 1682 anno
1116 1617 1246 1699 septimo
1261 1614 1398 1680 decessit.
1421 1615 1549 1696 postqm

420 1736 492 1782 eum
512 1718 606 1784 Ailou
627 1720 820 1785 Zabulonites
837 1722 924 1786 annis
944 1741 969 1786 x
990 1721 1126 1802 itemque
1140 1719 1251 1784 Abdon
1266 1719 1352 1783 annis
1367 1736 1432 1782 v111
1446 1735 1550 1781 rerum

305 1812 307 1816 ⁸
420 1821 527 1901 potiti,
551 1821 634 1902 pacis
648 1823 784 1904 ternpore
797 1823 878 1887 nihil
893 1823 973 1906 quod
987 1823 1116 1887 historia
1130 1823 1303 1905 loqueretur
1318 1820 1487 1884 ediderunt.
1559 1841 1584 1881 1⁰

368 1927 410 1991 27
462 1923 597 1987 Rursum
622 1925 779 1990 Israelitae
804 1927 843 1991 ad
868 1927 950 1991 idola
976 1927 1128 2004 conuersi,
1167 1925 1272 1990 diuino
1299 1923 1441 1988 destituti
1460 1940 1549 2004 prae·

419 2023 514 2103 sidio,
537 2026 666 2091 subiecti
686 2029 862 2112 Allophylis
884 2048 937 2112 per
957 2048 1003 2092 xn
1026 2028 1216 2110 captiuitatis
1237 2045 1329 2092 annos
1350 2043 1460 2108 poenas
1479 2043 1549 2106 per·

390 2126 508 2191 afidiae
528 2130 742 2211 pependerunt.
771 2151 806 2196 oa
826 2133 1007 2214 tempestate
1028 2131 1155 2195 Samson
1175 2131 1265 2195 natus
1286 2128 1427 2193 traditur.
1457 2126 1549 2191 huius

419 2232 516 2294 mater
531 2231 584 2295 diu
599 2233 713 2296 sterffis
728 2235 873 2318 angelum
887 2234 984 2312 uidit,
1008 2235 1186 2315 dictumque
1201 2233 1229 2297 ei
1244 2234 1305 2310 est,
1321 2231 1392 2296 uino
1408 2231 1439 2294 et
1454 2229 1550 2294 sicera

416 2333 508 2415 atque
522 2334 679 2399 inmundis
694 2337 874 2401 abstineret:
897 2337 962 2401 iore
982 2337 1030 2400 uti
1050 2356 1179 2419 puerum
1194 2337 1296 2400 ederet
1309 2333 1462 2398 libertatis
1477 2332 1549 2397 uin-
1559 2355 1582 2393 u

416 2435 516 2500 dicem
542 2438 573 2500 et
601 2438 738 2503 hostium
765 2440 909 2504 ultorem,
941 2441 987 2504 ita
1014 2440 1125 2504 mulier
1153 2439 1240 2502 enixa
1266 2456 1395 2519 puerum
1421 2435 1549 2499 Samson

387 2548 525 2603 enomen
544 2540 573 2604 ei
593 2541 716 2606 indidit.
738 2543 767 2606 is
781 2543 901 2607 intonso
917 2543 1016 2624 capite
1036 2543 1132 2606 mirae
1146 2541 1274 2605 uirtutis
1295 2539 1389 2603 fuisse
1403 2537 1547 2614 traditur,

414 2642 488 2706 adeo
503 2644 538 2706 ut
553 2644 670 2708 leonem
684 2645 718 2709 in
732 2645 784 2709 uia
799 2646 926 2711 obuium
941 2665 1034 2710 manu
1049 2646 1240 2725 discerperet.
1263 2661 1388 2707 uxorem
1408 2660 1443 2705 ex
1458 2640 1548 2704 Allo·

414 2744 516 2828 phylis
537 2746 660 2810 habuit:
690 2766 766 2829 quae
786 2766 857 2812 eum
878 2749 1001 2811 absente
1021 2748 1088 2811 uiro
1115 2748 1147 2811 in
1168 2746 1293 2811 alterius
1314 2742 1548 2808 matrimonium

415 2847 618 2926 conuenisset,
641 2849 743 2913 doloro
758 2851 876 2931 ereptae
891 2850 1030 2933 coniugis
1044 2849 1210 2930 perniciem
1230 2849 1315 2933 genti
1336 2846 1462 2912 mohtus
1482 2845 1582 2909 osae

415 2950 588 3018 secusino
603 2952 634 3014 ot
648 2952 766 3016 uiribus
781 2953 884 3034 palam
899 2953 1030 3017 uictores
1046 2953 1130 3017 clade
1142 2952 1303 3016 afficiebat.
1318 2967 1379 3015 cco
1393 2948 1547 3030 siquidem

416 3052 561 3134 uulpibus
583 3054 695 3135 captis,
718 3055 856 3119 ardentes
877 3056 1033 3138 lampades
1048 3075 1154 3120 earum
1174 3055 1311 3139 illigarit
1331 3052 1435 3118 audis
1456 3052 1563 3133 atque.

416 3173 466 3218 eas
486 3156 569 3239 agris
589 3156 726 3222 hostium
746 3159 876 3223 inmisit.
899 3177 935 3224 ac
948 3160 1018 3223 tum
1038 3159 1116 3224 forte
1136 3159 1266 3223 maturis
1287 3156 1436 3221 messibus
1458 3153 1548 3218 facile

386 3258 591 3323 4incendium
612 3259 688 3340 fuit,
712 3261 876 3344 uineaeque
896 3263 927 3326 et
948 3263 1102 3327 oliuarum
1127 3263 1248 3327 arbores
1269 3260 1400 3324 exustae.
1438 3255 1547 3342 grandi

415 3362 652 3447 Allophylorum
666 3365 758 3429 exitio
773 3365 916 3447 abreptae
930 3365 1032 3430 uxoris
1044 3366 1190 3430 inimiam
1202 3365 1287 3428 ultus
1298 3362 1470 3428 uidebatur.
1487 3378 1548 3443 quo
1556 3381 1582 3424 11

414 3465 516 3530 dolore
536 3467 697 3550 Allophyli
716 3469 848 3550 permoti
869 3469 1031 3533 muHerem
1045 3469 1126 3534 tanti
1141 3468 1217 3533 mali
1232 3485 1355 3531 causam
1369 3484 1441 3529 eum
1455 3464 1547 3528 domo

414 3569 445 3631 et
458 3569 545 3650 patre
559 3569 698 3633 incendio
711 3572 970 3652 consumpserunt.
987 3573 1040 3636 sed
1052 3571 1179 3636 Samson
1190 3590 1299 3653 parum
1310 3588 1342 3633 se
1354 3567 1547 3633 uindicatum

413 3670 515 3749 ratus,
531 3690 660 3754 urguere
675 3673 815 3737 omnibus
831 3673 1032 3738 incommodis
1046 3674 1206 3756 profanam
1220 3673 1344 3757 gentem
1355 3688 1414 3736 non
1426 3669 1547 3734 desine·

383 3772 476 3838 ebat.
506 3774 576 3837 turn
597 3774 745 3855 compulsi
765 3776 870 3840 ludaei
891 3777 1032 3841 uinctum
1052 3795 1123 3841 eum
1143 3775 1318 3859 Allophyhs
1338 3773 1545 3840 tradiderunt:

514 3995 532 4050 7
551 3995 671 4052 1111112.
709 3997 745 4052 11
763 3997 824 4051 Jud.
845 3998 889 4055 13.
928 3997 1103 4054 17111114
1139 3998 1321 4056 eleuare.

461 4199 481 4254 4
504 4199 670 4254 foemineae
733 4202 751 4260 5
775 4204 866 4256 tamen
887 4203 938 4257 del.
957 4203 1118 4271 Fabricius,
1142 4204 1206 4258 e'terre
1228 4203 1334 4270 Vocet,
1364 4203 1421 4257 1111
1437 4204 1545 4256 tantum

410 4285 557 4339 delendum
567 4288 604 4341 ee't
650 4287 668 4343 6
680 4287 762 4341 rediit
774 4289 832 4341 Pb:
846 4288 917 4342 redit
929 4289 989 4342 edd.
1002 4291 1166 4344 recentiores
1183 4291 1195 4356 ΙΙ
1212 4289 1352 4343 Dominob
1399 4285 1545 4357 7Ἐσεβάν

410 4386 468 4425 axx
530 4371 549 4428 8
572 4374 600 4425 et
623 4373 652 4426 b:
671 4389 719 4426 om.
746 4375 774 4427 P
837 4373 855 4430 9
877 4374 958 4428 Allon
981 4376 1037 4442 Ph,
1065 4371 1162 4429 Αὶλών
1185 4375 1288 4441 LXX,
1318 4373 1434 4427 Ahialon
1457 4375 1543 4443 11191

463 4457 499 4514 12
518 4458 655 4526 allophilis
667 4459 695 4512 P
707 4459 782 4512 11111
793 4459 875 4525 trefra
885 4475 990 4528 semper
1002 4461 1127 4530 allophili
1182 4460 1219 4516 14
1233 4459 1358 4528 dictuque
1370 4461 1398 4513 P
1420 4462 1432 4528 ΙΙ
1455 4460 1541 4514 sicera

410 4543 448 4607 P,
467 4543 514 4598 sed
538 4561 551 4596 s
574 4544 668 4597 eadem
690 4561 723 4596 rc.
749 4559 783 4597 erc
805 4560 819 4596 c
843 4561 912 4598 corr.
974 4546 1185 4602 rescissore:
1210 4561 1258 4598 om.
1277 4546 1336 4599 edd.
1350 4551 1462 4599 recenti.
1478 4547 1541 4612 ple·

409 4643 510 4697 raeque
573 4629 610 4686 21
629 4629 769 4682 Dominob
791 4631 803 4698 11
826 4629 977 4685 uictorisP
1045 4631 1083 4689 23
1101 4631 1222 4684 immisit
1241 4630 1278 4684 At
1290 4632 1375 4684 tumb
1445 4629 1541 4687 28111-

409 4714 504 4782 gercb
