3834 5634
818 736 965 806 Sulpicii
987 738 1103 791 Seueri

687 1621 1226 1721 chudbloouvn

776 1847 902 1912 LIBER
923 1846 1145 1913 SECVNDVS.
1186 1896 1189 1903 .

370 2030 384 2093 1
440 1982 643 2099 captiuitatis
673 2017 811 2100 tempora
840 2018 1057 2100 prophetarum
1094 2020 1249 2084 uaticiniis
1278 2021 1369 2101 atque
1401 2018 1522 2083 actibus

395 2120 551 2185 illustrata
577 2121 664 2198 sunt,
691 2120 883 2203 maximeque
903 2121 1042 2186 Danielis
1070 2123 1193 2206 egregia
1220 2123 1259 2187 ad
1284 2122 1523 2186 conseruandnm

394 2224 496 2307 legem
514 2223 737 2306 perseuerantia
757 2225 789 2287 et
823 2224 856 2288 in
883 2223 1072 2289 absolutione
1102 2224 1254 2290 Susannae
1276 2225 1380 2290 diuino
1394 2224 1522 2288 consilio

367 2327 564 2409 aceterisque
578 2326 615 2391 ab
631 2343 665 2391 eo
680 2326 785 2410 gostis,
795 2345 871 2409 quae
882 2326 946 2391 iam
957 2328 1061 2392 ordine
1071 2347 1295 2410 persequemur.
1312 2328 1363 2391 hic
1377 2327 1434 2390 sub
1448 2346 1522 2411 rege

396 2430 533 2494 Ioachim
554 2430 660 2512 captus
680 2430 888 2512 deductusque
912 2430 1102 2514 Babylonem
1121 2450 1234 2512 paruus
1248 2431 1414 2495 admodum
1428 2444 1520 2511 puer:
1543 2444 1555 2484 ⁵

395 2534 500 2616 postea
527 2532 565 2596 ob
593 2532 777 2616 elegantiam
803 2533 909 2597 uultus
931 2534 1012 2598 inter
1034 2534 1190 2598 ministros
1211 2534 1310 2616 regios
1332 2534 1520 2615 assumptus,

367 2651 514 2718 annaque
536 2653 607 2699 cum
629 2653 663 2700 eo
685 2635 856 2713 Annanias,
879 2635 989 2700 Misael
1011 2637 1042 2701 et
1063 2637 1197 2701 Anarias.
1228 2637 1281 2700 sed
1303 2655 1373 2699 cum
1395 2653 1445 2700 eos
1467 2653 1521 2701 rex

395 2737 623 2804 delicatioribus
645 2737 721 2801 cibis
742 2738 841 2802 curari
862 2739 1065 2819 praecepisset
1086 2739 1177 2821 idque
1198 2739 1360 2820 Asphanae
1382 2738 1520 2803 eunucho

394 2841 510 2924 negotii
530 2839 677 2918 dedisset,
698 2840 808 2904 Damel
828 2842 1023 2922 paternarum
1048 2842 1250 2905 traditionum
1269 2859 1402 2918 memor,
1425 2860 1463 2905 ne
1483 2858 1521 2905 ex

394 2961 499 3008 mensa
512 2942 594 3025 regis
608 2942 773 3025 gentilium
788 2942 864 3006 cibis
878 2943 1088 3024 participaret,
1111 2945 1248 3025 poposcit
1262 2945 1299 3009 ab
1316 2943 1468 3022 eunucho,
1484 2943 1556 3007 ut1⁰

366 3044 602 3129 dleguminibus
612 3046 734 3109 tantum
745 3046 911 3110 uterentur.
925 3047 1067 3111 causante
1074 3046 1228 3128 Asphane,
1239 3066 1277 3111 ne
1289 3046 1522 3111 dissimulatum

394 3147 559 3229 imperium
578 3147 660 3231 regis
680 3149 876 3213 consecutura
895 3149 1008 3214 macies
1028 3150 1182 3230 proderet,
1209 3149 1319 3214 Daniel
1339 3150 1404 3213 Deo
1424 3147 1522 3212 fretus

394 3251 556 3333 pollicetur
576 3251 701 3316 maioris
723 3251 838 3316 decoris
866 3252 927 3316 sibi
955 3252 1061 3316 uultus
1083 3272 1119 3317 ex
1140 3252 1348 3336 leguminibus
1370 3271 1463 3334 quam
1485 3269 1522 3316 ex

396 3354 472 3418 cibis
487 3355 580 3439 regiis
595 3354 668 3418 iore.
683 3354 819 3436 fidesque
834 3355 925 3419 dictis
940 3354 1038 3432 affuit,
1051 3355 1096 3419 ita
1110 3357 1146 3419 ut
1159 3355 1287 3420 minime
1298 3372 1403 3418 eorum
1413 3352 1521 3418 uultus

396 3458 613 3539 comparabiles
627 3458 825 3535 haberentur,
846 3458 900 3540 qui
914 3458 1124 3540 imperialibus
1139 3457 1303 3539 impendiis
1317 3455 1556 3539 procumben-1⁵

394 3559 454 3624 tur.
478 3560 576 3644 igitur
597 3579 615 3624 a
636 3579 707 3643 rege
729 3560 761 3623 in
783 3560 927 3625 honorem
948 3561 980 3624 et
1000 3561 1133 3644 gratiam
1153 3560 1286 3624 adhibiti
1305 3559 1468 3641 prudentia
1488 3559 1521 3624 et

498 3762 515 3817 7
533 3762 600 3815 Dan.
622 3762 645 3818 1.

445 3932 463 3988 2
481 3933 617 4002 egregiam
633 3964 666 3970 -
682 3934 909 4002 perseuerantiam
927 3934 965 3997 P,
990 3949 1036 3987 em.
1056 3933 1090 3987 de
1107 3934 1196 3988 Proto
1212 3935 1339 4004 (Maxime
1356 3934 1448 4002 itaque
1465 3933 1521 3987 De·

393 4016 472 4070 nielis
499 4019 634 4087 egregium
659 4018 693 4072 ad
719 4035 739 4072 c.
758 4019 776 4072 l.
795 4020 1033 4088 perseuerantiam,
1066 4022 1093 4072 ct
1116 4020 1145 4073 iu
1168 4020 1361 4074 absolutionem
1383 4019 1408 4072 S.
1427 4018 1520 4073 diuino

392 4101 515 4167 consilio,
534 4105 688 4171 caeteraque
700 4103 734 4157 ab
746 4120 775 4158 eo
787 4107 864 4174 gesta
875 4105 967 4159 ordine
977 4121 1165 4174 persequemur
1182 4107 1209 4175 b)
1269 4105 1286 4162 3
1305 4104 1473 4159 absolutione
1485 4105 1519 4169 P,

393 4204 442 4242 cm.
452 4188 621 4255 Hofmer'oter
629 4196 655 4244 et
664 4189 698 4244 dc
706 4190 794 4244 Proto
810 4192 822 4258 11
839 4207 965 4245 sussanne
975 4191 1004 4245 P
1052 4191 1073 4246 4
1084 4207 1151 4260 quae
1163 4191 1218 4245 iam
1226 4191 1318 4245 ordine
1329 4191 1440 4258 rcripec':
1453 4205 1521 4259 quae

393 4274 422 4329 in
439 4275 529 4330 ordine
552 4276 580 4329 P
653 4275 792 4334 5Joacim
815 4276 945 4347 Siqoains
968 4279 981 4344 11
1002 4276 1162 4330 babolenum
1184 4279 1211 4331 P
1274 4275 1471 4346 deligentium
1494 4276 1522 4330 P

439 4360 587 4418 'ihrenias
599 4361 627 4426 b,
645 4362 708 4416 itere
720 4363 800 4429 infre
812 4379 832 4416 c.
848 4366 866 4416 3
912 4362 930 4419 8
942 4362 1132 4416 delicatoribus
1146 4363 1172 4416 P
1188 4365 1199 4431 11
1216 4361 1332 4430 asphane
1345 4360 1482 4415 onnnncho
1494 4361 1523 4415 P

393 4445 411 4503 9
429 4447 578 4516 patriarum
596 4446 739 4516 Sipoaiue,
757 4454 787 4502 ct
798 4465 824 4502 ae.
844 4448 885 4516 II,
903 4451 947 4515 12,
962 4451 979 4502 6
1002 4450 1015 4518 11
1036 4464 1128 4502 memo.
1141 4464 1174 4501 ne
1196 4449 1224 4500 P
1296 4448 1331 4504 11
1350 4448 1521 4501 noscerentur

393 4531 524 4603 soporatae
540 4535 552 4602 11
569 4532 743 4602 asphanenP
795 4533 832 4590 13
849 4534 936 4587 maius
949 4534 977 4587 P
1029 4532 1066 4590 16
1084 4533 1255 4586 inhonorem
1273 4533 1437 4602 etgratiam
1454 4547 1520 4586 coo:

392 4617 422 4670 in
439 4618 534 4673 honore
552 4621 580 4673 et
596 4619 686 4688 gretie
703 4620 761 4688 (eod
778 4619 869 4689 gratia
886 4635 920 4674 eor
928 4617 1020 4689 gratia
1031 4635 1134 4673 rasore
1146 4619 1264 4688 factem),
1275 4619 1314 4683 P,
1333 4618 1362 4671 in
1378 4618 1476 4672 honore
1489 4619 1517 4671 et

393 4703 516 4772 gratim
