3834 5634
747 754 912 824 Dialogus
929 757 943 809 I
961 754 1007 821 (Il,
1027 753 1119 822 3—4.)
1197 840 1206 859 .
1471 749 1532 813 185

404 908 474 970 nius
501 909 548 972 est
573 909 708 986 locutus,
738 910 770 974 in
796 911 973 993 episcopatu
1005 929 1091 987 uero,
1126 908 1207 989 quod
1232 904 1475 990 praetermisisse
1500 906 1532 969 te

404 1011 513 1089 miror,
537 1031 633 1075 unum
659 1014 873 1078 tantummodo
899 1014 1066 1079 suscitarit.
1091 1013 1178 1078 cuius
1198 1011 1243 1075 rei
1264 1028 1320 1092 ego
1340 1009 1430 1073 testis
1451 1025 1531 1085 sum,

406 1114 433 1178 si
448 1117 552 1179 tamen
566 1115 646 1180 nihil
660 1115 697 1178 de
711 1116 818 1180 idoneo
833 1117 913 1182 teste
929 1116 1090 1180 dubitatis.
1114 1115 1147 1179 id
1172 1115 1277 1196 ipsum
1303 1113 1408 1176 autem
1431 1110 1530 1188 uobis,

405 1218 538 1298 qualiter
562 1220 685 1301 gestum
712 1220 768 1296 sit,
792 1220 956 1302 erphcabo.
989 1212 1562 1296 1111111111111111111011111-1,

381 1321 475 1384 stum
489 1320 636 1403 oppidum
649 1322 838 1404 petebamus.
855 1322 990 1399 interea,
1006 1322 1081 1386 dum
1096 1322 1200 1385 uicum
1215 1319 1367 1401 quendam
1387 1316 1532 1381 habitan-

404 1423 486 1486 tium
512 1425 712 1489 multitudine
739 1425 1025 1507 frequentissimum
1050 1425 1269 1507 praeterimus,
1293 1421 1418 1485 obuiam
1443 1419 1531 1484 nobis

405 1526 537 1591 inmanis
552 1527 644 1591 turba
657 1529 819 1610 processit,
843 1548 920 1610 ques
936 1529 1003 1592 erat
1018 1530 1085 1593 tota
1100 1526 1280 1611 gentilium:
1303 1543 1377 1588 nam
1391 1542 1480 1587 neme
1496 1521 1529 1586 in

404 1628 458 1692 illc
473 1630 541 1693 uico
555 1632 682 1694 nouerat
697 1629 918 1696 Christianum.
941 1651 1050 1696 uerum
1071 1631 1110 1695 ad
1130 1629 1248 1694 famam
1267 1627 1348 1692 tenti
1369 1627 1530 1690 1111111111-

404 1749 458 1813 pos
473 1751 577 1797 omnes
591 1733 654 1797 late
669 1735 809 1815 patentes
825 1734 1043 1799 confluentium
1054 1733 1223 1798 multitudo
1236 1732 1417 1797 contexerat.
1435 1729 1560 1798 sensit5

368 1849 395 1888 1⁰
403 1835 557 1900 Martinus
578 1838 764 1918 operandum
786 1839 817 1901 et
837 1837 1038 1902 adnuntiante
1053 1837 1112 1900 sibi
1133 1836 1245 1918 spiritu
1260 1836 1344 1899 totus
1359 1832 1530 1908 infremuit,

403 1958 458 2004 nec
472 1939 603 2005 mortale
622 1957 733 2005 sonans
757 1940 886 2004 uerbum
909 1941 968 2004 Dei
989 1939 1158 2023 gentilibus
1172 1938 1386 2021 praedicabat,
1410 1936 1531 2017 saepius

406 2041 630 2125 ingemescens,
647 2063 702 2108 cur
716 2045 803 2108 tanta
817 2044 986 2108 Dominum
1001 2042 1194 2107 saluatorem
1209 2042 1302 2106 turba
1316 2041 1457 2105 nesciret.
1481 2041 1530 2104 in-
1542 2051 1559 2104 6

403 2145 501 2221 terea,
539 2145 620 2209 sicut
644 2165 699 2210 nos
724 2146 913 2210 incredibilis
939 2146 1183 2211 circumdederat
1209 2145 1395 2222 multitude,
1419 2144 1531 2208 mulier

404 2248 567 2327 quaedam,
603 2249 690 2313 cuius
714 2248 798 2313 filius
823 2249 927 2332 paullo
954 2252 1025 2314 ante
1053 2249 1220 2325 deiecerat,
1255 2265 1364 2330 cerpus
1392 2249 1529 2311 exanime

368 2349 492 2414 1⁵beato
517 2352 584 2441 uiro
609 2352 760 2434 protensis
782 2352 924 2415 menibus
949 2353 1049 2434 eoepit
1063 2352 1170 2415 offerre
1185 2352 1304 2415 dicens:
1328 2351 1441 2413 scimus
1458 2350 1531 2431 quia

404 2454 520 2518 amicus
535 2453 596 2519 Dei
610 2473 659 2519 es:
682 2454 811 2519 restitue
826 2454 905 2518 mihi
919 2455 1020 2519 filium
1035 2474 1154 2531 meum,
1167 2454 1240 2535 quia
1254 2453 1362 2517 unicus
1377 2452 1456 2516 mihi
1472 2455 1528 2516 est.

403 2555 503 2621 iunxit
528 2576 560 2621 se
587 2559 688 2622 cetera
713 2557 883 2621 multitudo
899 2560 930 2621 et
944 2557 1055 2621 matris
1075 2557 1216 2639 precibus
1231 2555 1436 2620 adclamabat.
1461 2557 1557 2629 tumr

402 2657 555 2723 Martinus
570 2660 678 2724 uidens
699 2679 754 2742 pro
776 2660 1003 2742 expectantium
1018 2661 1144 2737 salute,⁴
1157 2662 1193 2724 ut
1218 2662 1325 2742 postea
1350 2658 1438 2723 nobis
1463 2659 1529 2741 ipse

403 2760 539 2840 dicebat,
574 2763 717 2844 consequi
743 2781 775 2827 se
799 2781 888 2845 posse
914 2763 1080 2841 uirtutem,
1104 2762 1242 2827 deirmcti
1265 2780 1373 2844 corpus
1396 2761 1528 2844 propriis

366 2866 545 2929 romanibus
573 2867 707 2947 accepit:
731 2867 762 2930 et
788 2885 859 2930 cum
885 2867 1097 2948 spectantibus
1123 2867 1242 2931 cunctis
1268 2885 1368 2949 genua
1382 2865 1527 2942 flexisset,

401 2968 455 3031 ubi
470 2967 692 3052 lconsummata
712 2969 848 3033 oratione
871 2969 1021 3046 surrexit,
1044 2969 1239 3034 uiuificatum
1254 2968 1418 3052 paruolum
1433 2968 1528 3034 matri

401 3071 545 3136 reddidit.
570 3073 639 3135 tum
654 3089 726 3137 uero
741 3070 911 3135 multitudo
926 3071 1034 3152 omnis!
1047 3071 1079 3136 in
1101 3073 1221 3137 caelum
1248 3073 1380 3137 clamore
1406 3073 1557 3137 sublet08

401 3172 558 3239 Christum
583 3175 685 3238 Deum
711 3174 821 3252 fateri,
844 3176 998 3257 postremo
1025 3175 1128 3239 cuncti
1154 3175 1337 3239 cateruatim
1363 3175 1403 3239 ad
1429 3193 1529 3257 genua

400 3277 483 3342 beati
509 3277 570 3342 uiri
595 3296 682 3342 ruere
708 3279 887 3360 coeperunt,
910 3277 1044 3341 fideliter
1068 3278 1256 3359 postulantes
1281 3279 1318 3340 ut
1342 3294 1391 3340 eos
1414 3277 1529 3341 faceret

366 3395 391 3437 rr
404 3379 601 3445 Christianos.
624 3399 680 3445 nec
701 3381 876 3456 cunctatus,
900 3381 933 3444 in
957 3380 1058 3443 medio
1082 3380 1119 3443 ut
1144 3380 1231 3444 erant
1257 3398 1379 3462 campo,
1403 3381 1556 3445 cunctosu

400 3483 535 3566 inposita
549 3484 700 3548 uniuersis
715 3503 809 3547 manu
824 3483 1058 3547 catechumenos
1073 3481 1164 3559 iecit,
1188 3501 1259 3572 cum
1274 3483 1398 3564 quidem
1419 3483 1458 3546 ad
1472 3503 1527 3550 nos

401 3605 563 3651 conuersus
583 3586 716 3664 diceret,
739 3604 800 3650 non
820 3585 1079 3650 inrationabiliter
1102 3586 1135 3649 in
1160 3604 1274 3668 campo
1296 3586 1527 3652 catechumenos

400 3688 483 3767 fieri,
507 3689 561 3753 ubi
577 3690 708 3754 solerent
722 3692 874 3772 martyres
890 3689 1068 3754 consecrari.

452 3860 709 3929 lpraetcrmisisset
729 3859 810 3913 miror
834 3858 861 3914 V
910 3859 1164 3915 2suscitaritAF:
1192 3860 1335 3913 suscitaret
1360 3860 1397 3924 V,
1416 3861 1530 3914 suscita-
1590 3881 1592 3884 ⁴

399 3946 498 4000 nerito
550 3946 568 4002 3
586 3945 618 3999 de
639 3945 731 3999 idoneo
756 3946 791 4000 V:
810 3945 842 3999 de
862 3946 950 3999 minus
972 3946 1065 3999 idonee
1086 3947 1169 4009 Amo,
1188 3945 1219 3998 dc
1240 3962 1282 3998 mc
1303 3947 1392 4000 minus
1413 3947 1448 4000 id.
1468 3947 1533 4000 ΒΜ

450 4031 574 4088 4nescio
595 4047 647 4099 qna
667 4031 761 4085 AFV:
780 4031 955 4100 nescioquas,
978 4047 1058 4100 quac
1089 4033 1101 4098 ΙΙ
1133 4033 1272 4085 carnutum
1285 4032 1312 4085 B
1369 4033 1530 4091 5habitan·

400 4118 458 4171 tum
483 4119 509 4171 V
592 4118 767 4174 80hristum
787 4118 817 4170 F
837 4134 905 4172 corr.
928 4124 991 4172 etc
1071 4119 1259 4186 9sensit,V:
1287 4120 1371 4174 sensit
1392 4119 1437 4173 hic
1457 4121 1530 4174 AFo

453 4204 487 4259 11
502 4204 583 4257 uerba
599 4204 626 4258 V
671 4204 706 4259 12
725 4203 901 4271 ingemiscens
913 4204 986 4258 AVo
1040 4205 1076 4261 13
1095 4205 1533 4260 1111111111-1111111111111,11

397 4303 440 4356 pr.
453 4305 486 4343 m.
567 4289 604 4346 14
623 4289 800 4343 exanimumo
882 4290 919 4345 16
937 4289 1087 4344 estmihic
1157 4292 1193 4347 17
1213 4292 1383 4346 adclamabat
1395 4291 1469 4360 (acci.
1488 4292 1530 4361 F)

400 4375 527 4429 AFMV:
546 4376 702 4430 acclamato
768 4374 804 4430 19
824 4391 908 4428 secra
927 4376 953 4429 V
1014 4375 1054 4432 20
1071 4378 1254 4444 spectantibus
1268 4379 1368 4433 BMV:
1389 4380 1529 4446 expectan-

400 4461 473 4514 tibus
485 4460 580 4530 Are,
593 4460 806 4530 inspectantibus
819 4477 835 4515 1
886 4461 923 4516 21
942 4461 1032 4514 ubi-
1042 4463 1158 4516 surrexit
1170 4480 1218 4517 om.
1237 4465 1264 4519 V
1277 4466 1288 4532 ΙΙ
1304 4464 1446 4532 paruulum
1456 4463 1529 4518 AFo

450 4547 488 4602 22
506 4546 624 4600 reddidit
636 4551 655 4600 2
668 4547 743 4602 cedd.
763 4547 816 4601 Gis.
832 4553 858 4600 et
873 4546 908 4599 V:
927 4547 1134 4615 restituitich
1186 4550 1225 4606 23
1243 4550 1322 4603 deum
1338 4549 1460 4603 ABFV:
1479 4549 1527 4603 do-

399 4632 528 4685 minumo
552 4635 563 4701 ΙΙ
586 4632 667 4686 fateri
678 4633 766 4686 dixere
779 4634 809 4687 F
829 4633 841 4700 ll
862 4635 997 4701 postremi
1009 4635 1067 4688 AF
1121 4635 1161 4691 24
1178 4635 1296 4689 fedilitcr
1312 4635 1339 4688 V
1397 4636 1435 4693 25
1453 4637 1530 4689 erant

399 4718 466 4771 AV:
486 4721 544 4771 erat
555 4719 612 4773 Fe*
663 4719 701 4775 26
720 4719 916 4774 cathecuminos
933 4719 968 4783 V,
987 4720 1051 4774 item
1062 4722 1220 4789 paulopost
1291 4720 1330 4777 28
1348 4721 1435 4774 solent
1446 4720 1530 4791 ΑΓΘ
