3834 5634
418 722 462 786 40
839 716 985 786 Sulpicii
1007 717 1123 772 Seueri

417 892 522 939 omnes
536 872 598 938 fere
611 875 686 938 natu
700 871 834 938 maiores
847 873 1058 938 Hebraeorum
1071 871 1194 954 publico
1209 888 1354 935 consensu
1367 888 1500 952 regnum
1514 867 1545 932 ei

416 977 512 1040 totius
527 975 628 1061 gentis
644 976 833 1040 detulerunt:
856 994 928 1040 nam
942 994 996 1057 per
1016 976 1133 1057 septem
1152 990 1245 1038 annos
1265 973 1297 1038 in
1317 971 1455 1037 Ohebron
1474 970 1545 1035 tan-

416 1079 487 1143 tum
500 1080 687 1163 regnauerat.
710 1078 755 1142 ita
774 1078 866 1143 tertio
885 1098 938 1142 rex
959 1077 1121 1162 unguitur,
1149 1094 1297 1141 annorum
1318 1074 1438 1139 circiter
1458 1091 1544 1138 xxx.

388 1181 598 1264 4Allophylos
613 1182 646 1246 in
660 1200 790 1264 regnum
804 1180 952 1245 irruentes
965 1180 1104 1245 secundis
1114 1179 1237 1262 proeliis
1249 1177 1391 1259 reppulit.
1415 1195 1450 1241 ea
1460 1177 1543 1240 tem·

416 1284 533 1366 pestate
554 1302 655 1348 arcam
676 1283 748 1361 Dei,
771 1301 847 1364 quae
866 1283 899 1347 in
920 1282 1134 1348 Cariathiarim
1155 1281 1279 1363 oppido,
1302 1281 1338 1343 ut
1354 1298 1445 1361 supra
1459 1279 1544 1343 retu·
1565 1292 1577 1331 ⁶

416 1386 520 1464 limue,
536 1386 611 1464 erat,
627 1386 660 1450 in
674 1385 746 1450 Sion
760 1385 928 1450 transtulit.
951 1405 1081 1468 cumque
1096 1384 1253 1449 aedificare
1267 1385 1331 1447 Deo
1346 1381 1498 1464 templum
1512 1380 1546 1445 in

417 1489 519 1553 animo
533 1489 672 1566 haberet,
695 1488 837 1552 diuinum
851 1488 880 1552 ei
895 1506 1073 1570 responsum
1087 1487 1257 1564 redditum,
1280 1484 1389 1549 semini
1403 1484 1490 1548 illius
1511 1484 1545 1548 id

389 1590 574 1657 5reseruari.
597 1591 677 1654 bello
698 1591 805 1655 deinde
821 1590 1003 1674 Allophylos
1023 1590 1159 1668 domuit,
1181 1588 1333 1654 Moabitas
1353 1586 1544 1670 subiugauit,

417 1693 538 1777 Syriam
560 1693 682 1776 subegit
704 1693 950 1775 stipendiumque
973 1694 1000 1757 ei
1023 1693 1179 1775 imposuit.
1207 1691 1274 1756 auri
1295 1691 1386 1773 atque
1408 1689 1486 1753 aeria
1508 1706 1544 1753 er

389 1796 528 1877 epraeda
541 1795 715 1859 inmensum
729 1796 856 1860 modum
870 1795 986 1860 retulit.
1014 1796 1131 1859 bellum
1152 1793 1261 1859 deinde
1281 1793 1444 1858 aduersum
1464 1791 1579 1855 alm-1⁰

416 1897 549 1962 menites
565 1916 601 1961 ex
614 1897 728 1962 iniuria
738 1896 849 1962 Annon
860 1897 941 1981 regis
953 1916 1058 1962 eorum
1069 1898 1223 1961 exortum.
1240 1895 1324 1979 Syris
1336 1896 1434 1960 denuo
1444 1893 1546 1957 rebel·

416 1998 567 2078 lantibus,
591 2000 644 2081 qui
670 2018 740 2063 eum
763 1999 952 2064 Ammonitis
978 2000 1011 2064 in
1035 2000 1151 2064 bellirm
1174 1998 1419 2075 coniurauerant,
1442 1996 1546 2061 Dauid

417 2119 571 2166 summam
593 2121 696 2166 rerum
718 2102 790 2167 Ioab
811 2102 942 2184 principi
964 2102 1096 2166 militiae
1117 2102 1311 2184 permiserat,
1334 2101 1399 2182 ipse
1421 2119 1439 2164 a
1461 2099 1542 2163 bello

416 2205 552 2269 remotus
566 2205 648 2268 intra
660 2204 856 2270 Hierusalem
868 2205 1121 2269 commorabatur.

366 2330 407 2394 33
461 2305 527 2385 Qua
548 2308 730 2389 tempestate
751 2308 904 2372 Bersaben
925 2309 1093 2390 quandam,
1117 2307 1213 2371 mirae
1234 2304 1576 2387 111111111111111111111115

415 2409 550 2488 tudinis,
586 2410 691 2492 stupro
720 2411 908 2494 compertam
936 2410 1054 2475 habuit.
1076 2411 1151 2474 haec
1180 2409 1236 2474 Vri
1266 2409 1427 2473 cuiusdam
1456 2425 1543 2485 uror,

417 2512 472 2594 qui
497 2513 566 2576 tum
593 2512 626 2577 in
652 2513 760 2578 eastris
788 2515 867 2592 erat,
901 2513 996 2578 fuisse
1022 2514 1164 2578 traditur.
1198 2513 1279 2576 hune
1311 2510 1413 2575 Dauid
1439 2509 1546 2593 iniquo

415 2634 535 2699 pugnae
556 2616 621 2680 loeo
643 2617 796 2681 obiectum
817 2616 956 2680 hostibus
979 2616 1222 2681 interficiendum
1244 2614 1373 2678 curauit.
1406 2612 1452 2676 ita
1473 2631 1545 2676 mu·

416 2716 524 2781 liorem
538 2718 733 2782 matrimonio
748 2737 893 2796 uacuam,
909 2719 962 2782 sed
977 2719 1040 2782 iam
1055 2737 1090 2782 ex
1105 2719 1210 2799 stupro
1225 2717 1402 2800 grauidam,
1417 2733 1545 2780 numero

389 2834 546 2888 aurorum
568 2820 758 2904 aggregauit.
781 2821 851 2884 tum
871 2839 924 2902 per
945 2821 1070 2885 Nathan
1090 2821 1270 2903 prophetam
1291 2819 1427 2903 grauiter
1447 2818 1581 2883 incre-ro

414 2921 515 3011 pibus,
539 2921 612 2985 lioet
626 2922 730 3006 agnito
746 2940 858 3001 errore,
874 2923 1108 3006 castigationem
1122 2922 1181 2986 Dei
1196 2940 1256 2987 non
1271 2921 1389 3005 effugit.
1412 2939 1546 3003 namque

414 3023 517 3087 filium
538 3042 573 3087 ex
594 3022 710 3088 furtiuo
731 3025 786 3088 illo
809 3026 972 3089 concubitu
993 3026 1112 3090 editum
1131 3043 1242 3107 paucos
1262 3026 1331 3107 post
1346 3024 1411 3088 dies
1426 3023 1546 3101 amisit,

390 3127 575 3208 amultaque
595 3126 629 3191 in
648 3127 775 3192 domum
794 3127 1006 3210 familiamque
1026 3129 1091 3193 eius
1115 3128 1277 3192 execranda
1297 3126 1479 3191 acciderunt.
1509 3126 1549 3191 ad
1574 3165 1578 3173 -

417 3231 588 3294 extremum
601 3229 770 3295 Abessalon
781 3231 863 3295 filius
875 3232 940 3296 eius
951 3250 1038 3296 arma
1047 3231 1144 3313 impia
1154 3231 1299 3295 aduersus
1310 3230 1430 3311 patrem
1441 3229 1548 3293 sustu-

415 3332 470 3412 lit,
493 3351 585 3417 regno
606 3351 677 3398 eum
698 3334 846 3416 depellere
867 3334 1000 3416 cupiens.
1029 3335 1175 3399 aduersus
1194 3333 1275 3397 hune
1296 3332 1369 3396 Ioab
1390 3331 1454 3396 arie
1474 3349 1581 3396 con-re

415 3434 509 3514 flixit,
526 3435 700 3501 admonitus
715 3455 733 3500 a
746 3455 816 3522 rege
831 3438 867 3502 ut
881 3437 964 3502 uicto
978 3438 1128 3520 parceret:
1144 3438 1197 3501 sed
1217 3436 1270 3500 ille
1290 3436 1390 3516 spreto
1411 3434 1542 3516 imperio

519 3637 537 3695 3
555 3638 584 3691 ll
601 3640 665 3708 Reg.
685 3639 711 3697 5.
755 3639 775 3694 4
793 3640 822 3693 Π
839 3640 903 3710 Reg.
924 3639 996 3696 6-8
1038 3642 1074 3697 11
1093 3640 1122 3693 Π
1139 3639 1203 3708 Reg.
1224 3638 1268 3695 10.
1311 3638 1348 3695 15
1365 3636 1477 3706 maog.
1499 3638 1545 3694 11.

417 3719 456 3778 20
473 3722 502 3776 II
518 3722 583 3792 Reg.
605 3723 723 3781 12-18.

472 3909 487 3965 1
506 3909 618 3964 maiores
639 3927 687 3966 ora.
709 3913 750 3979 P,
770 3913 835 3980 fort.
848 3929 938 3966 omnes
949 3913 1063 3967 maiores
1074 3915 1153 3976 natu,
1176 3914 1211 3980 cf.
1226 3913 1265 3966 II
1272 3912 1339 3982 Rea.
1353 3915 1384 3980 5,
1408 3914 1426 3965 3
1439 3907 1546 3973 πάντες

420 3995 449 4047 οἱ
459 3993 640 4071 πρεσβύτεροι
651 3994 758 4066 Ἰσραήλ
805 3997 986 4068 3ungiturb
1032 3998 1203 4067 lrepulitb
1249 3996 1421 4056 bDominib
1449 3999 1461 4065 ΙΙ
1485 3997 1549 4051 cha·

417 4078 594 4134 riathirimP
645 4081 786 4152 6sy0nP
806 4084 819 4151 il
841 4083 987 4138 Dominob
1052 4085 1088 4140 11
1107 4083 1214 4153 Annon]
1232 4083 1320 4151 anime
1338 4081 1376 4148 P,
1395 4081 1509 4137 chanun
1525 4083 1549 4148 b,

417 4161 520 4232 Ἀννών
528 4166 619 4220 LXX
637 4168 718 4222 taII
729 4169 877 4238 Rep.10,1
899 4171 911 4238 11
934 4169 997 4223 siris
1010 4171 1038 4224 P
1090 4169 1127 4226 12
1145 4169 1270 4224 ammotis
1284 4170 1312 4222 P
1364 4167 1401 4226 15
1417 4166 1551 4222 Bersabee

418 4251 464 4306 cel
474 4251 624 4306 Bersabeen
634 4253 696 4307 mot.
710 4254 744 4308 de
755 4255 856 4324 Proeto,
874 4261 907 4310 ct
916 4255 972 4309 iam
981 4256 1064 4324 price
1081 4255 1113 4309 G.
1127 4255 1255 4323 Richter,
1274 4254 1310 4320 cf.
1323 4254 1404 4320 infra
1411 4269 1441 4321 p.
1456 4257 1499 4322 41,
1513 4255 1552 4308 23

472 4336 509 4394 16
527 4337 570 4391 uri
586 4340 625 4393 P:
643 4339 736 4404 uirib,
755 4339 836 4395 Uriae
848 4340 882 4394 de
894 4342 996 4410 Proto,
1014 4342 1046 4396 in
1057 4341 1148 4395 LXX
1158 4342 1210 4409 (II
1222 4341 1288 4408 Rea.
1308 4343 1353 4408 11,
1372 4340 1402 4405 3)
1422 4344 1462 4392 eat
1479 4338 1552 4409 γυνὴ

419 4421 535 4497 Οὐρίου,
554 4424 587 4478 ia
609 4424 687 4494 Volp.
707 4441 771 4479 uxor
787 4425 868 4480 Uriae
931 4425 1015 4483 19111
1031 4427 1201 4481 matrimonio
1218 4425 1273 4488 Pb,
1292 4424 1321 4478 in
1339 4424 1389 4479 aaz.
1409 4424 1443 4479 de
1461 4425 1552 4480 Proto

428 4509 441 4576 ΙΙ
469 4524 580 4563 uacuam
603 4509 642 4564 P:
671 4510 812 4564 uiduamb
875 4511 913 4569 21
933 4513 1042 4567 Domini
1065 4513 1081 4567 b
1111 4514 1123 4580 ΙΙ
1151 4511 1224 4580 fugit
1246 4512 1287 4578 P,
1316 4510 1363 4565 aed
1385 4526 1454 4565 corr.
1478 4515 1494 4563 1
1516 4527 1551 4565 m.

419 4592 515 4733 effugii
566 4595 606 4652 24
623 4596 802 4652 abessalonP
816 4597 861 4667 (ecc
873 4598 962 4652 LXX
975 4595 1176 4669 Ἀβεσσαλώμ);
1195 4596 1345 4651 Absalonb
1406 4595 1444 4652 26
1463 4595 1552 4653 illeb:

422 4694 471 4731 ιο
