3834 5634
883 740 990 810 Epist.
1009 741 1057 794 111.

506 997 570 1080 lli.
603 997 784 1100 Epistula
812 998 949 1083 Seueri
980 998 1030 1081 ad
1057 997 1243 1083 Senatum
1265 997 1429 1080 Paulum

825 1136 1108 1239 episcopum).

445 1503 610 1616 Postquam
630 1559 726 1602 omnes
751 1560 854 1618 aeques
870 1544 935 1602 tues
952 1544 1089 1617 coquinae
1111 1546 1178 1602 tuae
1201 1541 1379 1601 renuntiasse
1395 1543 1524 1617 regnem,

402 1647 483 1704 erede
495 1645 562 1719 quia
577 1645 799 1720 dedignarentur
813 1645 938 1705 efficium
952 1646 1061 1705 uilibus
1076 1647 1210 1719 praebere
1225 1646 1433 1719 pulmentariis,
1456 1663 1525 1719 pue·

366 1767 378 1809 u
401 1748 496 1807 rulum
510 1748 564 1806 tibi
580 1765 613 1806 ex
628 1750 726 1806 nestra
740 1748 870 1807 misimus
884 1748 1012 1821 effieina,
1029 1751 1142 1808 deatum
1157 1749 1228 1817 satis
1243 1748 1397 1822 pallentem
1412 1765 1532 1823 aequare

401 1851 497 1909 fabam
512 1852 541 1908 et
555 1850 695 1924 ignobiles
710 1852 792 1910 betas
807 1853 885 1910 aeete
908 1853 938 1910 et
957 1852 1019 1910 inre
1039 1852 1153 1911 eandire
1173 1852 1316 1925 uilemque
1340 1851 1449 1924 pultem
1464 1867 1531 1909 esu·

400 1953 536 2012 rientium
550 1953 681 2013 faucibus
696 1952 800 2012 inferre
815 1955 1030 2027 monachorum,
1053 1954 1160 2028 piperis
1174 1953 1315 2026 nescium,
1331 1953 1433 2012 laseris
1447 1953 1532 2027 igna-

400 2073 478 2128 rum,
502 2056 673 2114 familiarem
699 2056 804 2131 cymini
828 2059 856 2115 et
882 2057 1009 2130 adprime
1030 2056 1165 2115 callidum
1187 2057 1283 2116 herbis
1298 2073 1385 2115 suane
1400 2056 1530 2115 redelen-

400 2158 479 2217 tibus
494 2160 648 2217 elamosum
664 2175 764 2233 urgere
779 2159 955 2218 mortarium.
980 2177 1068 2218 unum
1088 2160 1175 2217 habet
1195 2159 1313 2231 uitium,
1337 2160 1412 2232 qued
1432 2159 1532 2217 herte-

365 2279 464 2325 rerum
485 2262 611 2320 emnium
626 2279 683 2320 nan
708 2262 752 2320 est
774 2261 870 2320 ciuilis
884 2261 1031 2320 inimicus:
1055 2262 1111 2334 ita,
1139 2261 1164 2319 si
1179 2261 1321 2319 admissus
1336 2259 1439 2332 fuerit,
1463 2277 1531 2333 pre-

400 2365 476 2424 xima
493 2381 622 2439 quaeque
644 2366 732 2423 metet
752 2364 848 2438 gladie
868 2381 921 2422 nee
940 2364 1153 2423 exsaturabitur
1167 2380 1303 2437 nmquam
1319 2363 1402 2422 caede
1417 2363 1530 2420 malua·

399 2486 472 2528 rum.
496 2468 526 2526 in
541 2467 709 2540 praebendis
724 2469 820 2526 antem
836 2467 891 2525 sibi
905 2466 994 2540 lignis
1009 2466 1201 2525 calumniosus
1215 2465 1270 2523 tibi
1284 2482 1341 2523 nan
1356 2465 1427 2523 erit:
1445 2463 1530 2523 ebuis

399 2587 528 2645 quaeque
550 2571 700 2642 amburet,
723 2571 811 2628 metet
831 2586 882 2628 nee
902 2568 1047 2627 dubitabit
1067 2568 1172 2627 inferre
1192 2567 1277 2626 tertis
1292 2584 1393 2625 manns
1408 2570 1437 2625 et
1452 2566 1529 2625 anti·

353 2740 355 2744 .
399 2691 470 2748 ques
486 2690 595 2732 asseres
610 2673 719 2731 laribus
735 2688 873 2731 amouere.
897 2672 973 2730 hune
987 2672 1078 2745 igitur
1091 2688 1156 2730 eum
1170 2671 1216 2729 his
1227 2670 1353 2729 moribus
1365 2671 1456 2744 adque
1468 2669 1530 2728 uir·

366 2797 390 2836 15
399 2776 512 2834 tutibus
527 2777 663 2834 denatum
678 2775 733 2833 tibi
747 2792 804 2834 non
819 2791 942 2846 seruum,
967 2775 1016 2833 sed
1031 2791 1082 2847 pre
1097 2791 1179 2833 seruo
1195 2773 1287 2832 filium
1303 2772 1442 2846 cupimus,
1459 2771 1528 2846 quie

399 2895 456 2937 nen
471 2878 613 2937 erubescis
628 2877 809 2937 minimarum
824 2894 885 2936 esse
900 2878 992 2950 pater.
1016 2894 1067 2951 ege
1082 2877 1137 2935 tibi
1157 2893 1207 2950 pre
1229 2877 1282 2936 hee
1297 2875 1403 2934 seruire
1418 2875 1528 2934 uoluis-

401 2996 475 3053 sem,
499 2982 548 3040 sed
564 2981 589 3039 si
604 2981 739 3039 uoluntas
755 2979 825 3038 faeti
840 2979 931 3054 partie
946 2981 1007 3052 est,
1024 2981 1057 3038 tu
1072 2980 1153 3038 mede
1168 2979 1255 3038 facite
1270 2980 1303 3036 ut
1318 2977 1394 3036 inter
1408 2977 1529 3050 prandia

401 3098 540 3157 uenasque
555 3083 654 3142 felices
667 3083 722 3141 mei
737 3082 913 3155 memineris,
937 3082 1006 3157 quia
1020 3082 1127 3141 rectius
1142 3084 1186 3141 est
1201 3083 1329 3141 nestrum
1344 3097 1405 3139 esse
1420 3078 1529 3139 manei-

401 3185 481 3258 pium
496 3203 582 3259 quam
597 3185 741 3244 deminum
756 3186 921 3245 ceterarum.
945 3201 994 3243 era
1010 3201 1060 3258 pre
1075 3201 1129 3244 me.

453 3384 478 3454 *)
496 3383 572 3439 Hene
593 3385 620 3437 et
642 3385 782 3452 sequentes
803 3382 931 3451 epistulas
944 3382 1061 3452 primum
1082 3381 1168 3436 edidit
1186 3380 1326 3450 D'Aehery
1343 3380 1372 3433 in
1384 3379 1530 3448 Spieilegie

404 3468 437 3533 V,
453 3468 625 3624 {3p2rasgblerel
637 3554 699 3608 bere
711 3555 739 3608 P
749 3554 780 3607 ia
791 3569 845 3608 rae.
860 3554 901 3622 (P
909 3575 942 3600 =
952 3553 1045 3608 Pelet.
1062 3554 1148 3609 Velie.
1161 3557 1220 3609 829
1231 3569 1299 3608 saer.
1309 3553 1367 3621 IX)
1420 3552 1437 3608 6
1456 3555 1532 3606 seete

403 3655 433 3692 ex
445 3639 503 3693 iure
515 3641 542 3694 P
565 3642 577 3708 ΙΙ
600 3640 775 3694 esuriensinm
789 3641 817 3694 P
870 3639 906 3695 13
925 3638 1064 3693 dubitauit
1080 3641 1107 3694 P
