3834 5634
764 696 878 752 Chron.
897 697 933 761 H,
953 696 1072 754 31-33.
1436 701 1475 766 87

361 849 419 913 bus
434 849 516 913 uinci
531 867 591 914 non
605 851 769 933 potuimus.
786 853 890 916 entant
905 853 1000 917 etiam
1011 853 1174 917 mandatae
1184 853 1297 918 litteris
1308 856 1507 936 praeolaraee

361 953 427 1018 eius
442 953 589 1034 temporis
604 955 774 1036 martyrum
789 956 964 1037 passiones,
987 975 1062 1038 quas
1077 957 1273 1022 conectendas
1287 976 1346 1022 non
1360 959 1479 1041 putaui,

362 1074 401 1120 ne
415 1056 542 1119 modum
557 1056 655 1137 operis
671 1058 852 1121 excederem.

405 1157 464 1222 Sed
484 1157 553 1222 finis
568 1160 785 1240 persecutionis
806 1159 891 1225 illius
912 1159 975 1224 fuit
996 1160 1106 1225 abhinc
1128 1179 1220 1226 annos
1235 1179 1312 1226 vnn
1328 1163 1359 1227 et
1372 1160 1529 1241 nxxx,22

341 1280 380 1326 aa
408 1278 467 1342 quo
493 1262 629 1343 tempore
657 1260 823 1326 Christiani
843 1263 1043 1345 imperatores
1070 1282 1135 1328 esse
1157 1266 1326 1346 ooeperumt.
1349 1283 1480 1346 namque

361 1363 430 1427 tum
445 1361 661 1429 Constantinus
676 1384 779 1429 rerum
793 1365 982 1447 potiebatur,
1006 1366 1058 1447 qui
1078 1367 1196 1446 primus
1216 1367 1353 1430 omnium
1366 1366 1480 1431 Roma-

362 1483 471 1529 norum
492 1467 664 1547 principum
686 1465 877 1532 Christianus
899 1467 968 1531 fuit.
999 1487 1070 1532 sanc
1096 1470 1164 1532 tum
1179 1469 1329 1546 Licinius,
1352 1469 1405 1550 qui
1425 1469 1508 1536 ad·2

361 1587 486 1632 uersum
509 1567 742 1633 Constantinum
764 1570 801 1634 de
822 1570 949 1651 imperio
978 1571 1123 1647 certauit,
1156 1571 1272 1636 milites
1300 1589 1370 1635 suos
1391 1571 1480 1635 litare

362 1673 572 1752 praeceperat:
601 1671 766 1735 abnuentes
788 1672 903 1736 mthia
924 1672 1077 1736 reiciebat.
1107 1674 1160 1737 sed
1186 1673 1218 1736 id
1240 1674 1320 1737 inter
1340 1691 1480 1755 persecu·

326 1774 459 1838 rationes
481 1790 540 1837 non
563 1775 773 1856 computatur:
798 1775 873 1839 adeo
896 1794 943 1839 res
964 1775 1088 1839 leuioris
1108 1775 1224 1858 negotii
1238 1774 1314 1852 fuit,
1338 1794 1430 1856 quam
1444 1777 1481 1839 ut

361 1875 400 1940 ad
416 1875 612 1940 ecclesiarum
626 1876 753 1941 uulnera
768 1877 946 1958 perueniret.
972 1877 1077 1941 exinde
1098 1877 1274 1959 tranquillis
1296 1877 1386 1942 rebus
1407 1885 1508 1959 pace3

359 1977 559 2061 perfruimur:
575 1997 672 2059 neque
685 1979 814 2043 ulterius
825 1980 1066 2060 persecutionem
1078 1979 1142 2044 fore
1153 1981 1314 2058 credimus,
1330 1981 1389 2045 nisi
1402 1999 1480 2058 eam,

360 2100 454 2162 quam
476 2080 532 2144 sub
555 2079 699 2144 lineium
722 2081 835 2146 saeculi
851 2081 1061 2146 Antichristus
1076 2083 1234 2147 exercebit.
1258 2083 1372 2148 etenim
1386 2084 1480 2148 sacris

360 2182 486 2247 uocibus
501 2184 606 2247 decem
620 2182 721 2266 plagis
735 2184 885 2247 mundum
900 2184 1096 2248 afficiendum
1111 2185 1342 2265 pronuntiatum
1357 2187 1419 2249 est:
1434 2186 1481 2249 ita

326 2311 350 2349 a
360 2303 431 2349 oum
444 2286 508 2349 iam
523 2304 601 2349 vum
621 2284 751 2362 fuerint,
774 2305 850 2367 quae
866 2287 1003 2366 superest
1017 2285 1129 2349 ultima
1144 2287 1209 2350 erit.
1233 2286 1289 2349 hoc
1309 2288 1509 2367 temporum4

358 2389 461 2453 tractu
488 2388 602 2451 mirum
628 2390 674 2452 est
701 2389 850 2469 quantum
877 2387 1042 2451 inualuerit
1069 2387 1176 2470 religio
1204 2387 1384 2452 Christiana.
1413 2390 1481 2451 tum

360 2491 513 2572 siquidem
537 2490 749 2573 Hierosolyma
769 2490 892 2554 horrens
917 2490 1014 2554 ruinis
1034 2489 1289 2570 frequentissimis
1310 2508 1345 2553 ac
1359 2490 1480 2572 magni·

360 2593 567 2658 licentissimis
582 2593 717 2658 ecclesiis
732 2593 886 2657 adornata.
910 2611 1042 2673 namque
1056 2591 1188 2668 Helena,
1216 2593 1315 2656 mater
1336 2592 1508 2673 principiae

361 2694 569 2773 Constantini,
597 2714 674 2777 quae
696 2695 838 2778 Augusta
861 2713 931 2758 cum
953 2694 1016 2757 filio
1039 2694 1256 2778 conregnabat,
1279 2713 1349 2758 cum
1370 2694 1480 2758 Hiero·

326 2820 352 2860 ao
362 2799 514 2881 solymam
536 2816 697 2881 agnoscere
718 2798 921 2878 concupisset,
944 2798 1064 2878 reperta
1078 2797 1122 2861 ibi
1136 2798 1219 2862 idola
1234 2815 1269 2861 ao
1282 2797 1399 2878 templa
1412 2814 1481 2877 pro-

364 2902 469 2966 triuit:
492 2918 563 2964 mox
584 2919 640 2965 usa
661 2901 747 2983 regni
769 2900 886 2964 uiribus
908 2900 1052 2964 basilicas
1073 2900 1106 2963 in
1126 2900 1190 2963 loco
1212 2900 1389 2964 Dominicae
1410 2918 1481 2979 pas·

363 3004 457 3069 sionis
486 3006 518 3067 et
547 3003 773 3068 resurrectionis
802 3004 834 3066 et
862 3003 1044 3067 ascensionis
1066 3002 1177 3066 constit
1201 3003 1232 3065 ’1.
1260 3003 1339 3065 illud
1358 3002 1510 3078 miramo

364 3107 445 3188 quod
465 3106 549 3170 locus
571 3106 639 3183 ille,
672 3105 705 3169 in
727 3123 785 3187 quo
807 3106 997 3186 postremum
1018 3104 1194 3169 institerant
1215 3104 1321 3168 diuina
1341 3103 1482 3186 uestigia,

365 3227 435 3272 cum
457 3209 490 3272 in
512 3208 630 3272 caelum
652 3209 802 3272 Dominus
823 3207 904 3271 nube
926 3207 1083 3284 sublatus,
1112 3207 1281 3270 continuari
1308 3206 1484 3285 pauimento

329 3330 436 3375 ascum
458 3311 576 3392 rehqua
597 3311 764 3375 stratorum
785 3310 872 3391 parte
891 3327 951 3373 non
972 3311 1026 3390 pot
1050 3309 1088 3386 't,
1112 3308 1263 3388 siquidem
1277 3311 1510 3389 quaecumque?

365 3413 613 3495 applicabantur,
647 3413 778 3477 insolens
800 3412 935 3476 humana
957 3411 1110 3493 suscipere
1132 3412 1213 3474 terra
1234 3411 1404 3491 respueret,
1433 3427 1484 3473 ex·

364 3516 461 3580 cussis
481 3516 515 3579 in
535 3534 586 3579 ora
608 3515 824 3596 apponentium
839 3533 927 3595 saepe
941 3513 1153 3578 marmoribus.
1178 3513 1251 3595 quin
1266 3512 1360 3576 etiam
1375 3512 1484 3592 calcati

363 3618 428 3682 Deo
443 3619 579 3700 pulueris
594 3618 668 3682 adeo
683 3636 812 3699 perenne
827 3616 1044 3680 documentum
1059 3617 1120 3692 est,
1136 3616 1172 3679 ut
1186 3615 1320 3698 uestigia
1333 3615 1484 3696 impressa

365 3721 547 3797 comantur,
581 3722 611 3784 et
633 3738 703 3783 cum
725 3720 835 3784 cotidie
857 3718 1074 3783 confluentium
1095 3717 1170 3782 fides
1192 3719 1333 3783 certatim
1354 3718 1513 3784 Dominoss

330 3822 482 3887 enucleata
503 3817 649 3903 diripiat,
673 3824 820 3887 damnum
841 3823 945 3886 tamen
969 3839 1060 3885 arena
1080 3838 1139 3884 non
1161 3821 1282 3899 sentiat,
1306 3822 1337 3885 et
1359 3820 1485 3885 eandem

364 3923 463 3988 adhuc
496 3926 543 3989 sui
577 3925 722 4005 speciem,
759 3924 846 3989 uelut
877 3922 1034 4004 impressis
1063 3921 1184 4005 signata
1210 3922 1367 4005 uestigiis,
1403 3924 1486 3986 terra

366 4028 509 4091 custodit.

468 4228 578 4285 18-29
596 4228 705 4282 Paulini
716 4245 755 4296 ep.
770 4229 804 4282 ad
816 4229 941 4282 Seuerum
953 4229 999 4284 31.

418 4400 434 4457 1
453 4401 602 4470 praeclarae
621 4403 651 4456 b:
677 4415 816 4468 praecarae
828 4401 856 4453 P
924 4400 941 4455 2
960 4399 1131 4453 conectendas
1150 4400 1189 4466 P,
1216 4397 1405 4453 connectendas
1423 4396 1483 4450 edd.

417 4486 435 4540 7
445 4485 854 4553 quiaadnersumP,em‚Voaclc
902 4483 1335 4550 18adhomataP,estadornatab
1380 4479 1487 4537 200011·

366 4571 513 4639 cupisceret
531 4571 547 4624 b
599 4572 635 4627 21
648 4571 780 4640 basylicas
798 4572 832 4634 P,
844 4570 985 4625 basilicam
1003 4572 1018 4624 b
1079 4571 1117 4627 23
1136 4572 1261 4639 postrem'
1272 4569 1441 4638 (postremus)
1460 4567 1488 4621 P

367 4657 406 4713 24
418 4655 539 4709 sublatus
551 4658 620 4710 estb
667 4657 705 4713 28
717 4656 893 4710 docimentum
906 4657 933 4710 P
987 4656 1026 4713 30
1037 4657 1145 4710 eandem
1157 4657 1338 4710 Laubmoua:
1356 4653 1447 4707 eadem
1460 4653 1490 4706 P
