<?xml version="1.0" encoding="UTF-8"?>
<!DOCTYPE html PUBLIC "-//W3C//DTD XHTML 1.0 Transitional//EN"
    "http://www.w3.org/TR/xhtml1/DTD/xhtml1-transitional.dtd">
<html xmlns="http://www.w3.org/1999/xhtml" xml:lang="en" lang="en">
 <head>
  <title>
</title>
<meta http-equiv="Content-Type" content="text/html;charset=utf-8" />
  <meta name='ocr-system' content='tesseract 3.04.00' />
  <meta name='ocr-capabilities' content='ocr_page ocr_carea ocr_par ocr_line ocrx_word'/>
</head>
<body>
  <div class='ocr_page' id='page_1' title='image "./sulpiciiseveril00sevegoog_0205.png"; bbox 0 0 3834 5634; ppageno 0'>
   <div class='ocr_carea' id='block_1_1' title="bbox 771 751 1522 824">
    <p class='ocr_par' dir='ltr' id='par_1_1' title="bbox 771 751 1522 824">
     <span class='ocr_line' id='line_1_1' title="bbox 771 751 1522 824; baseline 0.012 -17"><span class='ocrx_word' id='word_1_1' title='bbox 771 754 936 824; x_wconf 76' lang='lat' dir='ltr'>Dialogus</span> <span class='ocrx_word' id='word_1_2' title='bbox 954 754 968 807; x_wconf 98' lang='lat' dir='ltr'>I</span> <span class='ocrx_word' id='word_1_3' title='bbox 986 752 1032 822; x_wconf 81' lang='lat' dir='ltr'>(ll,</span> <span class='ocrx_word' id='word_1_4' title='bbox 1051 751 1144 820; x_wconf 84' lang='lat'><strong>5-6.)</strong></span> <span class='ocrx_word' id='word_1_5' title='bbox 1462 753 1522 816; x_wconf 82' lang='grc'>187</span> 
     </span>
    </p>
   </div>
   <div class='ocr_carea' id='block_1_2' title="bbox 366 906 1578 4180">
    <p class='ocr_par' dir='ltr' id='par_1_2' title="bbox 366 906 1578 4180">
     <span class='ocr_line' id='line_1_2' title="bbox 399 906 1524 992; baseline -0.001 -19"><span class='ocrx_word' id='word_1_6' title='bbox 399 909 502 990; x_wconf 84' lang='lat' dir='ltr'>loquio</span> <span class='ocrx_word' id='word_1_7' title='bbox 529 910 560 973; x_wconf 90' lang='lat' dir='ltr'>et</span> <span class='ocrx_word' id='word_1_8' title='bbox 586 909 684 974; x_wconf 88' lang='lat' dir='ltr'>fretus</span> <span class='ocrx_word' id='word_1_9' title='bbox 711 910 824 974; x_wconf 83' lang='lat' dir='ltr'>auxilio</span> <span class='ocrx_word' id='word_1_10' title='bbox 850 910 1003 992; x_wconf 86' lang='lat' dir='ltr'>palatium</span> <span class='ocrx_word' id='word_1_11' title='bbox 1028 909 1117 992; x_wconf 91' lang='lat' dir='ltr'>petit.</span> <span class='ocrx_word' id='word_1_12' title='bbox 1141 910 1248 990; x_wconf 88' lang='lat' dir='ltr'>patent</span> <span class='ocrx_word' id='word_1_13' title='bbox 1272 907 1396 986; x_wconf 90' lang='lat' dir='ltr'>limina,</span> <span class='ocrx_word' id='word_1_14' title='bbox 1419 906 1524 972; x_wconf 89' lang='lat' dir='ltr'>nullus</span> 
     </span>
     <span class='ocr_line' id='line_1_3' title="bbox 400 1010 1535 1095; baseline -0.004 -18"><span class='ocrx_word' id='word_1_15' title='bbox 400 1012 541 1077; x_wconf 90' lang='lat' dir='ltr'>obsist&#39;t:</span> <span class='ocrx_word' id='word_1_16' title='bbox 564 1013 717 1095; x_wconf 87' lang='lat' dir='ltr'>postremo</span> <span class='ocrx_word' id='word_1_17' title='bbox 732 1031 829 1094; x_wconf 90' lang='lat' dir='ltr'>usque</span> <span class='ocrx_word' id='word_1_18' title='bbox 850 1013 889 1077; x_wconf 90' lang='lat' dir='ltr'>ad</span> <span class='ocrx_word' id='word_1_19' title='bbox 911 1031 1016 1095; x_wconf 85' lang='lat' dir='ltr'>regem</span> <span class='ocrx_word' id='word_1_20' title='bbox 1038 1011 1159 1075; x_wconf 88' lang='lat' dir='ltr'>nemine</span> <span class='ocrx_word' id='word_1_21' title='bbox 1180 1010 1360 1093; x_wconf 76' lang='lat' dir='ltr'>prohibente</span> <span class='ocrx_word' id='word_1_22' title='bbox 1374 1011 1535 1093; x_wconf 82' lang='lat' dir='ltr'>peruenit..</span> 
     </span>
     <span class='ocr_line' id='line_1_4' title="bbox 400 1112 1524 1199; baseline -0.002 -20"><span class='ocrx_word' id='word_1_23' title='bbox 400 1116 540 1199; x_wconf 91' lang='lat' dir='ltr'>quicum</span> <span class='ocrx_word' id='word_1_24' title='bbox 555 1116 730 1180; x_wconf 90' lang='lat' dir='ltr'>uenientem</span> <span class='ocrx_word' id='word_1_25' title='bbox 746 1117 865 1181; x_wconf 91' lang='lat' dir='ltr'>eminus</span> <span class='ocrx_word' id='word_1_26' title='bbox 880 1115 1015 1193; x_wconf 87' lang='lat' dir='ltr'>uideret,</span> <span class='ocrx_word' id='word_1_27' title='bbox 1038 1113 1179 1179; x_wconf 88' lang='lat' dir='ltr'>frendens</span> <span class='ocrx_word' id='word_1_28' title='bbox 1203 1132 1256 1177; x_wconf 89' lang='lat' dir='ltr'>our</span> <span class='ocrx_word' id='word_1_29' title='bbox 1275 1112 1386 1178; x_wconf 86' lang='lat' dir='ltr'>fuisset</span> <span class='ocrx_word' id='word_1_30' title='bbox 1408 1113 1524 1178; x_wconf 90' lang='lat' dir='ltr'>admis-</span> 
     </span>
     <span class='ocr_line' id='line_1_5' title="bbox 400 1216 1524 1301; baseline -0.004 -18"><span class='ocrx_word' id='word_1_31' title='bbox 400 1238 467 1295; x_wconf 89' lang='lat' dir='ltr'>sus,</span> <span class='ocrx_word' id='word_1_32' title='bbox 491 1237 685 1299; x_wconf 80' lang='lat' dir='ltr'>nequaquam</span> <span class='ocrx_word' id='word_1_33' title='bbox 707 1219 871 1301; x_wconf 87' lang='lat' dir='ltr'>adsurgere</span> <span class='ocrx_word' id='word_1_34' title='bbox 891 1219 938 1282; x_wconf 88' lang='lat' dir='ltr'>est</span> <span class='ocrx_word' id='word_1_35' title='bbox 961 1217 1107 1300; x_wconf 83' lang='lat' dir='ltr'>dignatus</span> <span class='ocrx_word' id='word_1_36' title='bbox 1122 1216 1275 1294; x_wconf 86' lang='lat' dir='ltr'>adstanti,</span> <span class='ocrx_word' id='word_1_37' title='bbox 1297 1217 1392 1281; x_wconf 92' lang='lat' dir='ltr'>donec</span> <span class='ocrx_word' id='word_1_38' title='bbox 1406 1217 1524 1299; x_wconf 86' lang='lat' dir='ltr'>regiam</span> 
     </span>
     <span class='ocr_line' id='line_1_6' title="bbox 379 1319 1525 1404; baseline -0.003 -18"><span class='ocrx_word' id='word_1_39' title='bbox 379 1322 508 1386; x_wconf 77' lang='grc'>11111111</span> <span class='ocrx_word' id='word_1_40' title='bbox 536 1323 617 1403; x_wconf 82' lang='lat' dir='ltr'>ignis</span> <span class='ocrx_word' id='word_1_41' title='bbox 643 1322 776 1404; x_wconf 89' lang='lat' dir='ltr'>operiret</span> <span class='ocrx_word' id='word_1_42' title='bbox 800 1323 964 1404; x_wconf 89' lang='lat' dir='ltr'>ipsumque</span> <span class='ocrx_word' id='word_1_43' title='bbox 989 1339 1094 1403; x_wconf 84' lang='lat' dir='ltr'>regem</span> <span class='ocrx_word' id='word_1_44' title='bbox 1119 1338 1155 1384; x_wconf 88' lang='grc'>11</span> <span class='ocrx_word' id='word_1_45' title='bbox 1179 1321 1268 1402; x_wconf 85' lang='lat' dir='ltr'>parte</span> <span class='ocrx_word' id='word_1_46' title='bbox 1293 1319 1441 1402; x_wconf 90' lang='lat' dir='ltr'>corporis,</span> <span class='ocrx_word' id='word_1_47' title='bbox 1465 1337 1525 1399; x_wconf 91' lang='lat' dir='ltr'>qua</span> 
     </span>
     <span class='ocr_line' id='line_1_7' title="bbox 400 1421 1554 1504; baseline -0.004 -16"><span class='ocrx_word' id='word_1_48' title='bbox 400 1424 541 1501; x_wconf 77' lang='lat' dir='ltr'>sedebat,</span> <span class='ocrx_word' id='word_1_49' title='bbox 576 1423 704 1488; x_wconf 83' lang='lat' dir='ltr'>adflarat</span> <span class='ocrx_word' id='word_1_50' title='bbox 729 1424 913 1488; x_wconf 88' lang='lat' dir='ltr'>incendium.</span> <span class='ocrx_word' id='word_1_51' title='bbox 947 1424 994 1488; x_wconf 90' lang='lat' dir='ltr'>ita</span> <span class='ocrx_word' id='word_1_52' title='bbox 1022 1421 1139 1486; x_wconf 81' lang='lat' dir='ltr'>esebo</span> <span class='ocrx_word' id='word_1_53' title='bbox 1165 1440 1219 1486; x_wconf 90' lang='lat' dir='ltr'>suo</span> <span class='ocrx_word' id='word_1_54' title='bbox 1250 1422 1399 1504; x_wconf 91' lang='lat' dir='ltr'>superbus</span> <span class='ocrx_word' id='word_1_55' title='bbox 1434 1429 1554 1485; x_wconf 80' lang='lat' dir='ltr'>exau-9</span> 
     </span>
     <span class='ocr_line' id='line_1_8' title="bbox 400 1524 1526 1609; baseline -0.004 -17"><span class='ocrx_word' id='word_1_56' title='bbox 400 1529 480 1593; x_wconf 90' lang='lat' dir='ltr'>titur</span> <span class='ocrx_word' id='word_1_57' title='bbox 501 1529 532 1590; x_wconf 91' lang='lat' dir='ltr'>et</span> <span class='ocrx_word' id='word_1_58' title='bbox 558 1527 702 1591; x_wconf 62' lang='lat' dir='ltr'>Martino&#39;</span> <span class='ocrx_word' id='word_1_59' title='bbox 718 1527 836 1591; x_wconf 91' lang='lat' dir='ltr'>inuitus</span> <span class='ocrx_word' id='word_1_60' title='bbox 863 1527 1018 1609; x_wconf 73' lang='lat' dir='ltr'>adsurgit:</span> <span class='ocrx_word' id='word_1_61' title='bbox 1041 1524 1237 1606; x_wconf 92' lang='lat' dir='ltr'>multumque</span> <span class='ocrx_word' id='word_1_62' title='bbox 1257 1525 1419 1607; x_wconf 78' lang='lat' dir='ltr'>conplexus</span> <span class='ocrx_word' id='word_1_63' title='bbox 1434 1543 1526 1606; x_wconf 87' lang='lat' dir='ltr'>quem</span> 
     </span>
     <span class='ocr_line' id='line_1_9' title="bbox 400 1627 1526 1714; baseline -0.005 -18"><span class='ocrx_word' id='word_1_64' title='bbox 400 1649 541 1714; x_wconf 88' lang='lat' dir='ltr'>spernere</span> <span class='ocrx_word' id='word_1_65' title='bbox 575 1632 645 1695; x_wconf 90' lang='lat' dir='ltr'>ante</span> <span class='ocrx_word' id='word_1_66' title='bbox 680 1630 877 1707; x_wconf 87' lang='lat' dir='ltr'>decreuerat,</span> <span class='ocrx_word' id='word_1_67' title='bbox 917 1629 1069 1693; x_wconf 89' lang='lat' dir='ltr'>uirtutem</span> <span class='ocrx_word' id='word_1_68' title='bbox 1099 1627 1227 1691; x_wconf 84' lang='lat' dir='ltr'>sensisse</span> <span class='ocrx_word' id='word_1_69' title='bbox 1256 1627 1396 1692; x_wconf 90' lang='lat' dir='ltr'>diuinam</span> <span class='ocrx_word' id='word_1_70' title='bbox 1422 1645 1526 1691; x_wconf 93' lang='lat' dir='ltr'>emen-</span> 
     </span>
     <span class='ocr_line' id='line_1_10' title="bbox 400 1729 1526 1816; baseline -0.004 -18"><span class='ocrx_word' id='word_1_71' title='bbox 400 1734 502 1798; x_wconf 86' lang='lat' dir='ltr'>datior</span> <span class='ocrx_word' id='word_1_72' title='bbox 533 1733 703 1798; x_wconf 87' lang='lat' dir='ltr'>fatebatur:</span> <span class='ocrx_word' id='word_1_73' title='bbox 737 1752 792 1797; x_wconf 90' lang='lat' dir='ltr'>neo</span> <span class='ocrx_word' id='word_1_74' title='bbox 818 1733 987 1816; x_wconf 83' lang='lat' dir='ltr'>expectatis</span> <span class='ocrx_word' id='word_1_75' title='bbox 1017 1729 1146 1796; x_wconf 90' lang='lat' dir='ltr'>Martini</span> <span class='ocrx_word' id='word_1_76' title='bbox 1171 1731 1311 1814; x_wconf 81' lang='lat' dir='ltr'>precibus</span> <span class='ocrx_word' id='word_1_77' title='bbox 1340 1732 1425 1814; x_wconf 88' lang='lat' dir='ltr'>prius</span> <span class='ocrx_word' id='word_1_78' title='bbox 1460 1749 1526 1794; x_wconf 93' lang='lat' dir='ltr'>om-</span> 
     </span>
     <span class='ocr_line' id='line_1_11' title="bbox 366 1834 1578 1920; baseline 0 -18"><span class='ocrx_word' id='word_1_79' title='bbox 366 1836 452 1902; x_wconf 86' lang='grc'>111111</span> <span class='ocrx_word' id='word_1_80' title='bbox 474 1836 632 1919; x_wconf 87' lang='lat' dir='ltr'>praestitit</span> <span class='ocrx_word' id='word_1_81' title='bbox 658 1855 751 1917; x_wconf 91' lang='lat' dir='ltr'>quam</span> <span class='ocrx_word' id='word_1_82' title='bbox 766 1837 936 1918; x_wconf 87' lang='lat' dir='ltr'>rogaretur.</span> <span class='ocrx_word' id='word_1_83' title='bbox 960 1839 1119 1920; x_wconf 91' lang='lat' dir='ltr'>conloquio</span> <span class='ocrx_word' id='word_1_84' title='bbox 1145 1838 1237 1902; x_wconf 91' lang='lat' dir='ltr'>illum</span> <span class='ocrx_word' id='word_1_85' title='bbox 1262 1836 1360 1916; x_wconf 89' lang='lat' dir='ltr'>adque</span> <span class='ocrx_word' id='word_1_86' title='bbox 1385 1834 1578 1902; x_wconf 83' lang='lat' dir='ltr'>conuiuiolo</span> 
     </span>
     <span class='ocr_line' id='line_1_12' title="bbox 400 1937 1525 2022; baseline -0.001 -21"><span class='ocrx_word' id='word_1_87' title='bbox 400 1939 576 2021; x_wconf 86' lang='lat' dir='ltr'>frequentor</span> <span class='ocrx_word' id='word_1_88' title='bbox 605 1939 755 2005; x_wconf 87' lang='lat' dir='ltr'>adsoiuit:</span> <span class='ocrx_word' id='word_1_89' title='bbox 784 1940 938 2022; x_wconf 88' lang='lat' dir='ltr'>postremo</span> <span class='ocrx_word' id='word_1_90' title='bbox 965 1941 1091 2007; x_wconf 90' lang='lat' dir='ltr'>abeunti</span> <span class='ocrx_word' id='word_1_91' title='bbox 1120 1942 1222 2005; x_wconf 90' lang='lat' dir='ltr'>multa</span> <span class='ocrx_word' id='word_1_92' title='bbox 1252 1957 1380 2003; x_wconf 88' lang='lat' dir='ltr'>munera</span> <span class='ocrx_word' id='word_1_93' title='bbox 1400 1937 1525 2014; x_wconf 86' lang='lat' dir='ltr'>obtulit,</span> 
     </span>
     <span class='ocr_line' id='line_1_13' title="bbox 400 2041 1527 2127; baseline -0.003 -20"><span class='ocrx_word' id='word_1_94' title='bbox 400 2061 478 2125; x_wconf 89' lang='lat' dir='ltr'>quae</span> <span class='ocrx_word' id='word_1_95' title='bbox 507 2041 557 2106; x_wconf 88' lang='lat' dir='ltr'>uir</span> <span class='ocrx_word' id='word_1_96' title='bbox 584 2041 704 2119; x_wconf 86' lang='lat' dir='ltr'>boatus,</span> <span class='ocrx_word' id='word_1_97' title='bbox 734 2044 772 2106; x_wconf 93' lang='lat' dir='ltr'>ut</span> <span class='ocrx_word' id='word_1_98' title='bbox 801 2061 935 2125; x_wconf 86' lang='lat' dir='ltr'>semper,</span> <span class='ocrx_word' id='word_1_99' title='bbox 962 2045 1155 2127; x_wconf 84' lang='lat' dir='ltr'>paupertatis</span> <span class='ocrx_word' id='word_1_100' title='bbox 1184 2062 1257 2108; x_wconf 89' lang='lat' dir='ltr'>suae</span> <span class='ocrx_word' id='word_1_101' title='bbox 1286 2043 1388 2107; x_wconf 92' lang='lat' dir='ltr'>custos</span> <span class='ocrx_word' id='word_1_102' title='bbox 1418 2041 1527 2105; x_wconf 89' lang='lat' dir='ltr'>cuncta</span> 
     </span>
     <span class='ocr_line' id='line_1_14' title="bbox 400 2146 1026 2210; baseline -0.005 0"><span class='ocrx_word' id='word_1_103' title='bbox 400 2146 516 2210; x_wconf 82' lang='lat' dir='ltr'>reiecit.</span> <span class='ocrx_word' id='word_1_104' title='bbox 1023 2177 1026 2183; x_wconf 95' lang='lat'>·</span> 
     </span>
     <span class='ocr_line' id='line_1_15' title="bbox 443 2245 1559 2332; baseline -0.003 -20"><span class='ocrx_word' id='word_1_105' title='bbox 443 2249 485 2312; x_wconf 85' lang='lat' dir='ltr'>Et</span> <span class='ocrx_word' id='word_1_106' title='bbox 511 2247 583 2328; x_wconf 89' lang='lat' dir='ltr'>quia</span> <span class='ocrx_word' id='word_1_107' title='bbox 608 2247 761 2329; x_wconf 86' lang='lat' dir='ltr'>palatium</span> <span class='ocrx_word' id='word_1_108' title='bbox 794 2249 889 2313; x_wconf 87' lang='lat' dir='ltr'>semel</span> <span class='ocrx_word' id='word_1_109' title='bbox 919 2248 1051 2332; x_wconf 84' lang='lat' dir='ltr'>ingressi</span> <span class='ocrx_word' id='word_1_110' title='bbox 1083 2268 1205 2325; x_wconf 90' lang='lat' dir='ltr'>sumus,</span> <span class='ocrx_word' id='word_1_111' title='bbox 1238 2249 1313 2312; x_wconf 88' lang='grc'>11111</span> <span class='ocrx_word' id='word_1_112' title='bbox 1339 2245 1470 2311; x_wconf 89' lang='lat' dir='ltr'>diuersis</span> <span class='ocrx_word' id='word_1_113' title='bbox 1495 2246 1559 2319; x_wconf 75' lang='grc'>111</span> 
     </span>
     <span class='ocr_line' id='line_1_16' title="bbox 368 2349 1527 2434; baseline -0.007 -14"><span class='ocrx_word' id='word_1_114' title='bbox 368 2380 392 2420; x_wconf 79' lang='lat' dir='ltr'>a</span> <span class='ocrx_word' id='word_1_115' title='bbox 401 2350 518 2434; x_wconf 87' lang='lat' dir='ltr'>palatio</span> <span class='ocrx_word' id='word_1_116' title='bbox 533 2349 724 2432; x_wconf 80' lang='lat' dir='ltr'>temporibus</span> <span class='ocrx_word' id='word_1_117' title='bbox 739 2353 828 2434; x_wconf 87' lang='lat' dir='ltr'>gesta</span> <span class='ocrx_word' id='word_1_118' title='bbox 843 2352 1018 2415; x_wconf 87' lang='lat' dir='ltr'>conectam:</span> <span class='ocrx_word' id='word_1_119' title='bbox 1033 2370 1226 2433; x_wconf 86' lang='lat' dir='ltr'>nequaquam</span> <span class='ocrx_word' id='word_1_120' title='bbox 1237 2351 1320 2415; x_wconf 91' lang='lat' dir='ltr'>enim</span> <span class='ocrx_word' id='word_1_121' title='bbox 1330 2349 1527 2433; x_wconf 89' lang='lat' dir='ltr'>praetermit-</span> 
     </span>
     <span class='ocr_line' id='line_1_17' title="bbox 401 2452 1528 2536; baseline -0.005 -16"><span class='ocrx_word' id='word_1_122' title='bbox 401 2454 530 2520; x_wconf 89' lang='lat' dir='ltr'>tendum</span> <span class='ocrx_word' id='word_1_123' title='bbox 545 2452 669 2519; x_wconf 76' lang='lat' dir='ltr'>uidetur</span> <span class='ocrx_word' id='word_1_124' title='bbox 684 2453 764 2518; x_wconf 88' lang='lat' dir='ltr'>circa</span> <span class='ocrx_word' id='word_1_125' title='bbox 779 2453 907 2518; x_wconf 88' lang='lat' dir='ltr'>Martini</span> <span class='ocrx_word' id='word_1_126' title='bbox 922 2454 1158 2519; x_wconf 87' lang='lat' dir='ltr'>admirationem</span> <span class='ocrx_word' id='word_1_127' title='bbox 1172 2453 1296 2536; x_wconf 75' lang='lat' dir='ltr'>reginae</span> <span class='ocrx_word' id='word_1_128' title='bbox 1310 2452 1410 2517; x_wconf 90' lang='lat' dir='ltr'>fidelis</span> <span class='ocrx_word' id='word_1_129' title='bbox 1426 2469 1528 2515; x_wconf 90' lang='grc'>1111111-</span> 
     </span>
     <span class='ocr_line' id='line_1_18' title="bbox 401 2553 1558 2639; baseline -0.003 -21"><span class='ocrx_word' id='word_1_130' title='bbox 401 2555 498 2639; x_wconf 91' lang='lat' dir='ltr'>plum.</span> <span class='ocrx_word' id='word_1_131' title='bbox 522 2553 677 2621; x_wconf 80' lang='lat' dir='ltr'>Maximus</span> <span class='ocrx_word' id='word_1_132' title='bbox 702 2557 871 2638; x_wconf 90' lang='lat' dir='ltr'>imperator</span> <span class='ocrx_word' id='word_1_133' title='bbox 894 2556 1120 2639; x_wconf 84' lang='lat' dir='ltr'>rempublicam</span> <span class='ocrx_word' id='word_1_134' title='bbox 1144 2555 1353 2639; x_wconf 83' lang='lat' dir='ltr'>gubernabat,</span> <span class='ocrx_word' id='word_1_135' title='bbox 1376 2554 1426 2618; x_wconf 93' lang='lat' dir='ltr'>uir</span> <span class='ocrx_word' id='word_1_136' title='bbox 1445 2553 1558 2616; x_wconf 75' lang='lat' dir='ltr'>omnia</span> 
     </span>
     <span class='ocr_line' id='line_1_19' title="bbox 402 2655 1528 2741; baseline -0.004 -18"><span class='ocrx_word' id='word_1_137' title='bbox 402 2659 470 2723; x_wconf 89' lang='lat' dir='ltr'>uita</span> <span class='ocrx_word' id='word_1_138' title='bbox 484 2659 595 2724; x_wconf 87' lang='lat' dir='ltr'>merito</span> <span class='ocrx_word' id='word_1_139' title='bbox 611 2658 848 2740; x_wconf 90' lang='lat' dir='ltr'>praedicandus,</span> <span class='ocrx_word' id='word_1_140' title='bbox 872 2659 899 2723; x_wconf 93' lang='lat' dir='ltr'>si</span> <span class='ocrx_word' id='word_1_141' title='bbox 914 2659 943 2723; x_wconf 94' lang='lat' dir='ltr'>ei</span> <span class='ocrx_word' id='word_1_142' title='bbox 957 2659 1009 2723; x_wconf 88' lang='lat' dir='ltr'>uel</span> <span class='ocrx_word' id='word_1_143' title='bbox 1023 2659 1166 2723; x_wconf 89' lang='lat' dir='ltr'>diadema</span> <span class='ocrx_word' id='word_1_144' title='bbox 1179 2678 1239 2724; x_wconf 93' lang='lat' dir='ltr'>non</span> <span class='ocrx_word' id='word_1_145' title='bbox 1253 2657 1394 2741; x_wconf 84' lang='lat' dir='ltr'>legitime</span> <span class='ocrx_word' id='word_1_146' title='bbox 1409 2655 1528 2720; x_wconf 92' lang='lat' dir='ltr'>tumul·</span> 
     </span>
     <span class='ocr_line' id='line_1_20' title="bbox 403 2759 1529 2844; baseline -0.002 -19"><span class='ocrx_word' id='word_1_147' title='bbox 403 2762 511 2826; x_wconf 91' lang='lat' dir='ltr'>tuante</span> <span class='ocrx_word' id='word_1_148' title='bbox 536 2762 637 2825; x_wconf 89' lang='lat' dir='ltr'>milite</span> <span class='ocrx_word' id='word_1_149' title='bbox 660 2761 830 2844; x_wconf 90' lang='lat' dir='ltr'>inpositum</span> <span class='ocrx_word' id='word_1_150' title='bbox 854 2762 1016 2844; x_wconf 90' lang='lat' dir='ltr'>repudiare</span> <span class='ocrx_word' id='word_1_151' title='bbox 1036 2761 1087 2826; x_wconf 89' lang='lat' dir='ltr'>uel</span> <span class='ocrx_word' id='word_1_152' title='bbox 1107 2762 1202 2826; x_wconf 89' lang='lat' dir='ltr'>armis</span> <span class='ocrx_word' id='word_1_153' title='bbox 1217 2760 1360 2825; x_wconf 86' lang='lat' dir='ltr'>ciuilibus</span> <span class='ocrx_word' id='word_1_154' title='bbox 1376 2759 1529 2824; x_wconf 87' lang='lat' dir='ltr'>abstinere</span> 
     </span>
     <span class='ocr_line' id='line_1_21' title="bbox 370 2862 1529 2948; baseline 0.001 -24"><span class='ocrx_word' id='word_1_155' title='bbox 370 2864 560 2929; x_wconf 71' lang='lat' dir='ltr'>subruisset:</span> <span class='ocrx_word' id='word_1_156' title='bbox 584 2864 636 2928; x_wconf 93' lang='lat' dir='ltr'>sed</span> <span class='ocrx_word' id='word_1_157' title='bbox 651 2884 800 2948; x_wconf 85' lang='lat' dir='ltr'>magnum</span> <span class='ocrx_word' id='word_1_158' title='bbox 814 2865 980 2947; x_wconf 90' lang='lat' dir='ltr'>imperium</span> <span class='ocrx_word' id='word_1_159' title='bbox 994 2883 1050 2929; x_wconf 91' lang='lat' dir='ltr'>nec</span> <span class='ocrx_word' id='word_1_160' title='bbox 1064 2865 1129 2929; x_wconf 92' lang='lat' dir='ltr'>sine</span> <span class='ocrx_word' id='word_1_161' title='bbox 1143 2864 1278 2947; x_wconf 86' lang='lat' dir='ltr'>periculo</span> <span class='ocrx_word' id='word_1_162' title='bbox 1293 2863 1379 2928; x_wconf 92' lang='lat' dir='ltr'>renui</span> <span class='ocrx_word' id='word_1_163' title='bbox 1393 2880 1449 2927; x_wconf 90' lang='lat' dir='ltr'>nec</span> <span class='ocrx_word' id='word_1_164' title='bbox 1464 2862 1529 2926; x_wconf 92' lang='lat' dir='ltr'>sine</span> 
     </span>
     <span class='ocr_line' id='line_1_22' title="bbox 404 2967 1559 3051; baseline 0 -19"><span class='ocrx_word' id='word_1_165' title='bbox 404 2968 500 3032; x_wconf 88' lang='lat' dir='ltr'>armis</span> <span class='ocrx_word' id='word_1_166' title='bbox 514 2967 617 3049; x_wconf 90' lang='lat' dir='ltr'>potuit</span> <span class='ocrx_word' id='word_1_167' title='bbox 631 2967 766 3031; x_wconf 88' lang='lat' dir='ltr'>retineri.</span> <span class='ocrx_word' id='word_1_168' title='bbox 789 2968 840 3032; x_wconf 90' lang='lat' dir='ltr'>hio</span> <span class='ocrx_word' id='word_1_169' title='bbox 855 2968 1027 3032; x_wconf 82' lang='lat' dir='ltr'>Martinam</span> <span class='ocrx_word' id='word_1_170' title='bbox 1042 2969 1164 3051; x_wconf 86' lang='lat' dir='ltr'>saepius</span> <span class='ocrx_word' id='word_1_171' title='bbox 1179 2970 1340 3032; x_wconf 92' lang='lat' dir='ltr'>euocatum</span> <span class='ocrx_word' id='word_1_172' title='bbox 1355 2967 1529 3048; x_wconf 90' lang='lat' dir='ltr'>receptum·</span> <span class='ocrx_word' id='word_1_173' title='bbox 1541 2978 1559 3032; x_wconf 87' lang='lat'><strong>3</strong></span> 
     </span>
     <span class='ocr_line' id='line_1_23' title="bbox 404 3070 1529 3153; baseline -0.004 -18"><span class='ocrx_word' id='word_1_174' title='bbox 404 3087 462 3153; x_wconf 87' lang='lat' dir='ltr'>quc</span> <span class='ocrx_word' id='word_1_175' title='bbox 488 3071 571 3134; x_wconf 91' lang='lat' dir='ltr'>intra</span> <span class='ocrx_word' id='word_1_176' title='bbox 596 3070 749 3153; x_wconf 90' lang='lat' dir='ltr'>palatium</span> <span class='ocrx_word' id='word_1_177' title='bbox 774 3070 1003 3135; x_wconf 44' lang='lat' dir='ltr'>uenerabiliter*</span> <span class='ocrx_word' id='word_1_178' title='bbox 1017 3071 1202 3136; x_wconf 88' lang='lat' dir='ltr'>honorabat:</span> <span class='ocrx_word' id='word_1_179' title='bbox 1226 3072 1311 3135; x_wconf 92' lang='lat' dir='ltr'>totus</span> <span class='ocrx_word' id='word_1_180' title='bbox 1331 3070 1380 3134; x_wconf 93' lang='grc'>1111</span> <span class='ocrx_word' id='word_1_181' title='bbox 1401 3088 1473 3133; x_wconf 91' lang='lat' dir='ltr'>cum</span> <span class='ocrx_word' id='word_1_182' title='bbox 1495 3086 1529 3132; x_wconf 88' lang='lat' dir='ltr'>eo</span> 
     </span>
     <span class='ocr_line' id='line_1_24' title="bbox 405 3171 1530 3255; baseline -0.004 -17"><span class='ocrx_word' id='word_1_183' title='bbox 405 3191 504 3238; x_wconf 91' lang='lat' dir='ltr'>sermo</span> <span class='ocrx_word' id='word_1_184' title='bbox 519 3173 556 3236; x_wconf 91' lang='lat' dir='ltr'>de</span> <span class='ocrx_word' id='word_1_185' title='bbox 571 3173 801 3255; x_wconf 90' lang='lat' dir='ltr'>praesentibus,</span> <span class='ocrx_word' id='word_1_186' title='bbox 825 3173 862 3237; x_wconf 90' lang='lat' dir='ltr'>de</span> <span class='ocrx_word' id='word_1_187' title='bbox 877 3172 1013 3251; x_wconf 88' lang='lat' dir='ltr'>futuris,</span> <span class='ocrx_word' id='word_1_188' title='bbox 1035 3173 1073 3236; x_wconf 91' lang='lat' dir='ltr'>de</span> <span class='ocrx_word' id='word_1_189' title='bbox 1087 3173 1226 3237; x_wconf 90' lang='lat' dir='ltr'>fidelium</span> <span class='ocrx_word' id='word_1_190' title='bbox 1241 3173 1355 3255; x_wconf 84' lang='lat' dir='ltr'>gloria,</span> <span class='ocrx_word' id='word_1_191' title='bbox 1378 3171 1416 3236; x_wconf 92' lang='lat' dir='ltr'>de</span> <span class='ocrx_word' id='word_1_192' title='bbox 1431 3173 1530 3235; x_wconf 88' lang='lat' dir='ltr'>aeter-</span> 
     </span>
     <span class='ocr_line' id='line_1_25' title="bbox 404 3273 1530 3352; baseline -0.003 -13"><span class='ocrx_word' id='word_1_193' title='bbox 404 3275 503 3339; x_wconf 86' lang='lat' dir='ltr'>nitate</span> <span class='ocrx_word' id='word_1_194' title='bbox 519 3278 712 3352; x_wconf 88' lang='lat' dir='ltr'>sanctomm,</span> <span class='ocrx_word' id='word_1_195' title='bbox 729 3294 800 3339; x_wconf 89' lang='lat' dir='ltr'>cum</span> <span class='ocrx_word' id='word_1_196' title='bbox 813 3275 940 3340; x_wconf 88' lang='lat' dir='ltr'>interim</span> <span class='ocrx_word' id='word_1_197' title='bbox 955 3276 1063 3340; x_wconf 89' lang='lat' dir='ltr'>diebus</span> <span class='ocrx_word' id='word_1_198' title='bbox 1079 3294 1114 3340; x_wconf 90' lang='lat' dir='ltr'>ao</span> <span class='ocrx_word' id='word_1_199' title='bbox 1128 3275 1268 3339; x_wconf 89' lang='lat' dir='ltr'>noctibus</span> <span class='ocrx_word' id='word_1_200' title='bbox 1284 3275 1321 3339; x_wconf 93' lang='lat' dir='ltr'>de</span> <span class='ocrx_word' id='word_1_201' title='bbox 1337 3293 1388 3338; x_wconf 88' lang='lat' dir='ltr'>ore</span> <span class='ocrx_word' id='word_1_202' title='bbox 1402 3273 1530 3337; x_wconf 88' lang='lat' dir='ltr'>Martini</span> 
     </span>
     <span class='ocr_line' id='line_1_26' title="bbox 372 3361 1530 3461; baseline -0.002 -20"><span class='ocrx_word' id='word_1_203' title='bbox 372 3401 395 3441; x_wconf 80' lang='grc'>11</span> <span class='ocrx_word' id='word_1_204' title='bbox 405 3379 511 3460; x_wconf 85' lang='lat' dir='ltr'>regina</span> <span class='ocrx_word' id='word_1_205' title='bbox 541 3378 709 3460; x_wconf 82' lang='lat' dir='ltr'>pendebat:</span> <span class='ocrx_word' id='word_1_206' title='bbox 743 3378 919 3461; x_wconf 82' lang='lat' dir='ltr'>euangelica</span> <span class='ocrx_word' id='word_1_207' title='bbox 951 3378 1006 3442; x_wconf 91' lang='lat' dir='ltr'>illo</span> <span class='ocrx_word' id='word_1_208' title='bbox 1032 3397 1093 3442; x_wconf 96' lang='lat' dir='ltr'>non</span> <span class='ocrx_word' id='word_1_209' title='bbox 1117 3361 1244 3442; x_wconf 87' lang='lat' dir='ltr'>inferior</span> <span class='ocrx_word' id='word_1_210' title='bbox 1269 3377 1407 3458; x_wconf 81' lang='lat' dir='ltr'>exemplo</span> <span class='ocrx_word' id='word_1_211' title='bbox 1437 3374 1530 3457; x_wconf 92' lang='lat' dir='ltr'>pedes</span> 
     </span>
     <span class='ocr_line' id='line_1_27' title="bbox 405 3478 1561 3564; baseline 0 -19"><span class='ocrx_word' id='word_1_212' title='bbox 405 3481 504 3545; x_wconf 89' lang='lat' dir='ltr'>sancti</span> <span class='ocrx_word' id='word_1_213' title='bbox 525 3479 601 3544; x_wconf 91' lang='lat' dir='ltr'>fletu</span> <span class='ocrx_word' id='word_1_214' title='bbox 621 3481 760 3564; x_wconf 86' lang='lat' dir='ltr'>rigabat,</span> <span class='ocrx_word' id='word_1_215' title='bbox 784 3481 866 3545; x_wconf 87' lang='lat' dir='ltr'>crine</span> <span class='ocrx_word' id='word_1_216' title='bbox 881 3480 1032 3564; x_wconf 75' lang='lat' dir='ltr'>tergebat,</span> <span class='ocrx_word' id='word_1_217' title='bbox 1056 3481 1228 3558; x_wconf 85' lang='lat' dir='ltr'>Martinus,</span> <span class='ocrx_word' id='word_1_218' title='bbox 1252 3498 1344 3560; x_wconf 94' lang='lat' dir='ltr'>quem</span> <span class='ocrx_word' id='word_1_219' title='bbox 1358 3478 1444 3543; x_wconf 89' lang='lat' dir='ltr'>nulla</span> <span class='ocrx_word' id='word_1_220' title='bbox 1459 3491 1561 3545; x_wconf 82' lang='grc'>111-4</span> 
     </span>
     <span class='ocr_line' id='line_1_28' title="bbox 405 3581 1531 3666; baseline -0.002 -20"><span class='ocrx_word' id='word_1_221' title='bbox 405 3602 499 3664; x_wconf 91' lang='lat' dir='ltr'>quam</span> <span class='ocrx_word' id='word_1_222' title='bbox 514 3582 629 3648; x_wconf 85' lang='lat' dir='ltr'>femina</span> <span class='ocrx_word' id='word_1_223' title='bbox 644 3583 840 3666; x_wconf 81' lang='lat' dir='ltr'>contigisset,</span> <span class='ocrx_word' id='word_1_224' title='bbox 863 3583 955 3647; x_wconf 90' lang='lat' dir='ltr'>istius</span> <span class='ocrx_word' id='word_1_225' title='bbox 976 3583 1214 3660; x_wconf 87' lang='lat' dir='ltr'>adsiduitatem,</span> <span class='ocrx_word' id='word_1_226' title='bbox 1236 3583 1333 3646; x_wconf 91' lang='lat' dir='ltr'>immo</span> <span class='ocrx_word' id='word_1_227' title='bbox 1348 3581 1451 3663; x_wconf 90' lang='lat' dir='ltr'>potius</span> <span class='ocrx_word' id='word_1_228' title='bbox 1466 3599 1531 3645; x_wconf 88' lang='lat' dir='ltr'>ser-</span> 
     </span>
     <span class='ocr_line' id='line_1_29' title="bbox 405 3684 1532 3769; baseline -0.003 -19"><span class='ocrx_word' id='word_1_229' title='bbox 405 3686 541 3750; x_wconf 89' lang='lat' dir='ltr'>uitutem</span> <span class='ocrx_word' id='word_1_230' title='bbox 565 3704 625 3750; x_wconf 91' lang='lat' dir='ltr'>non</span> <span class='ocrx_word' id='word_1_231' title='bbox 650 3686 771 3767; x_wconf 88' lang='lat' dir='ltr'>poterat</span> <span class='ocrx_word' id='word_1_232' title='bbox 797 3686 935 3750; x_wconf 88' lang='lat' dir='ltr'>euadere.</span> <span class='ocrx_word' id='word_1_233' title='bbox 958 3704 1019 3750; x_wconf 94' lang='lat' dir='ltr'>non</span> <span class='ocrx_word' id='word_1_234' title='bbox 1038 3685 1094 3750; x_wconf 89' lang='lat' dir='ltr'>illa</span> <span class='ocrx_word' id='word_1_235' title='bbox 1109 3703 1180 3768; x_wconf 91' lang='lat' dir='ltr'>opes</span> <span class='ocrx_word' id='word_1_236' title='bbox 1200 3686 1303 3769; x_wconf 79' lang='lat' dir='ltr'>regni,</span> <span class='ocrx_word' id='word_1_237' title='bbox 1326 3703 1386 3749; x_wconf 91' lang='lat' dir='ltr'>non</span> <span class='ocrx_word' id='word_1_238' title='bbox 1407 3684 1532 3766; x_wconf 90' lang='lat' dir='ltr'>imperii</span> 
     </span>
     <span class='ocr_line' id='line_1_30' title="bbox 406 3787 1532 3872; baseline -0.001 -20"><span class='ocrx_word' id='word_1_239' title='bbox 406 3788 608 3872; x_wconf 85' lang='lat' dir='ltr'>dignitatem,</span> <span class='ocrx_word' id='word_1_240' title='bbox 631 3807 691 3853; x_wconf 91' lang='lat' dir='ltr'>non</span> <span class='ocrx_word' id='word_1_241' title='bbox 711 3788 869 3866; x_wconf 88' lang='lat' dir='ltr'>diadema,</span> <span class='ocrx_word' id='word_1_242' title='bbox 903 3807 964 3854; x_wconf 95' lang='lat' dir='ltr'>non</span> <span class='ocrx_word' id='word_1_243' title='bbox 989 3808 1157 3872; x_wconf 87' lang='lat' dir='ltr'>purpuram</span> <span class='ocrx_word' id='word_1_244' title='bbox 1183 3788 1356 3872; x_wconf 80' lang='lat' dir='ltr'>cogitabat:</span> <span class='ocrx_word' id='word_1_245' title='bbox 1380 3787 1488 3851; x_wconf 89' lang='lat' dir='ltr'>diuelli</span> <span class='ocrx_word' id='word_1_246' title='bbox 1513 3806 1532 3851; x_wconf 91' lang='lat' dir='ltr'>a</span> 
     </span>
     <span class='ocr_line' id='line_1_31' title="bbox 366 3890 1532 3974; baseline 0.003 -24"><span class='ocrx_word' id='word_1_247' title='bbox 366 3912 397 3965; x_wconf 76' lang='lat'>:0</span> <span class='ocrx_word' id='word_1_248' title='bbox 406 3891 534 3956; x_wconf 87' lang='lat' dir='ltr'>Martini</span> <span class='ocrx_word' id='word_1_249' title='bbox 559 3890 689 3973; x_wconf 91' lang='lat' dir='ltr'>pedibus</span> <span class='ocrx_word' id='word_1_250' title='bbox 715 3891 778 3968; x_wconf 87' lang='lat' dir='ltr'>solo</span> <span class='ocrx_word' id='word_1_251' title='bbox 805 3892 904 3957; x_wconf 90' lang='lat' dir='ltr'>strata</span> <span class='ocrx_word' id='word_1_252' title='bbox 930 3909 991 3956; x_wconf 92' lang='lat' dir='ltr'>non</span> <span class='ocrx_word' id='word_1_253' title='bbox 1017 3892 1147 3973; x_wconf 89' lang='lat' dir='ltr'>poterat.</span> <span class='ocrx_word' id='word_1_254' title='bbox 1171 3894 1326 3974; x_wconf 90' lang='lat' dir='ltr'>postremo</span> <span class='ocrx_word' id='word_1_255' title='bbox 1348 3911 1366 3956; x_wconf 92' lang='lat' dir='ltr'>a</span> <span class='ocrx_word' id='word_1_256' title='bbox 1387 3891 1453 3955; x_wconf 89' lang='lat' dir='ltr'>uiro</span> <span class='ocrx_word' id='word_1_257' title='bbox 1477 3909 1532 3955; x_wconf 92' lang='lat' dir='ltr'>suo</span> 
     </span>
     <span class='ocr_line' id='line_1_32' title="bbox 404 3993 1532 4087; baseline -0.001 -30"><span class='ocrx_word' id='word_1_258' title='bbox 404 3993 520 4087; x_wconf 83' lang='lat' dir='ltr'>poscit,</span> <span class='ocrx_word' id='word_1_259' title='bbox 544 3993 647 4058; x_wconf 89' lang='lat' dir='ltr'>dicens</span> <span class='ocrx_word' id='word_1_260' title='bbox 661 3993 833 4058; x_wconf 81' lang='lat' dir='ltr'>Martinam</span> <span class='ocrx_word' id='word_1_261' title='bbox 848 3995 976 4076; x_wconf 89' lang='lat' dir='ltr'>uterque</span> <span class='ocrx_word' id='word_1_262' title='bbox 991 3993 1179 4077; x_wconf 87' lang='lat' dir='ltr'>conpellant,</span> <span class='ocrx_word' id='word_1_263' title='bbox 1195 3995 1231 4058; x_wconf 89' lang='lat' dir='ltr'>ut</span> <span class='ocrx_word' id='word_1_264' title='bbox 1247 3995 1275 4059; x_wconf 90' lang='grc'>11</span> <span class='ocrx_word' id='word_1_265' title='bbox 1289 3994 1417 4059; x_wconf 92' lang='lat' dir='ltr'>remotis</span> <span class='ocrx_word' id='word_1_266' title='bbox 1432 3993 1532 4058; x_wconf 93' lang='lat' dir='ltr'>omni-</span> 
     </span>
     <span class='ocr_line' id='line_1_33' title="bbox 405 4092 1533 4180; baseline 0 -20"><span class='ocrx_word' id='word_1_267' title='bbox 405 4092 463 4162; x_wconf 93' lang='lat' dir='ltr'>bus</span> <span class='ocrx_word' id='word_1_268' title='bbox 490 4097 643 4161; x_wconf 92' lang='lat' dir='ltr'>ministris</span> <span class='ocrx_word' id='word_1_269' title='bbox 668 4097 828 4179; x_wconf 90' lang='lat' dir='ltr'>praeberet</span> <span class='ocrx_word' id='word_1_270' title='bbox 854 4097 919 4163; x_wconf 89' lang='lat' dir='ltr'>sola</span> <span class='ocrx_word' id='word_1_271' title='bbox 944 4097 1129 4162; x_wconf 91' lang='lat' dir='ltr'>conuiuium.</span> <span class='ocrx_word' id='word_1_272' title='bbox 1153 4116 1208 4161; x_wconf 87' lang='lat' dir='ltr'>nec</span> <span class='ocrx_word' id='word_1_273' title='bbox 1228 4098 1331 4180; x_wconf 93' lang='lat' dir='ltr'>potuit</span> <span class='ocrx_word' id='word_1_274' title='bbox 1351 4097 1401 4161; x_wconf 88' lang='lat' dir='ltr'>uir</span> <span class='ocrx_word' id='word_1_275' title='bbox 1423 4096 1533 4161; x_wconf 86' lang='lat' dir='ltr'>beatus</span> 
     </span>
    </p>
   </div>
   <div class='ocr_carea' id='block_1_3' title="bbox 408 4282 1534 4782">
    <p class='ocr_par' dir='ltr' id='par_1_3' title="bbox 408 4282 1534 4522">
     <span class='ocr_line' id='line_1_34' title="bbox 460 4282 1532 4353; baseline -0.004 -14"><span class='ocrx_word' id='word_1_276' title='bbox 460 4284 475 4339; x_wconf 94' lang='lat'>1</span> <span class='ocrx_word' id='word_1_277' title='bbox 494 4284 577 4353; x_wconf 89' lang='lat' dir='ltr'>petiit</span> <span class='ocrx_word' id='word_1_278' title='bbox 589 4284 615 4336; x_wconf 84' lang='lat' dir='ltr'><strong><em>A</em></strong></span> <span class='ocrx_word' id='word_1_279' title='bbox 640 4284 651 4351; x_wconf 75' lang='lat' dir='ltr'>ll</span> <span class='ocrx_word' id='word_1_280' title='bbox 673 4284 768 4352; x_wconf 90' lang='lat' dir='ltr'>patent</span> <span class='ocrx_word' id='word_1_281' title='bbox 780 4299 828 4337; x_wconf 84' lang='lat' dir='ltr'>om.</span> <span class='ocrx_word' id='word_1_282' title='bbox 842 4283 872 4337; x_wconf 78' lang='lat' dir='ltr'><strong><em>F</em></strong></span> <span class='ocrx_word' id='word_1_283' title='bbox 921 4283 939 4340; x_wconf 87' lang='lat'><strong>3</strong></span> <span class='ocrx_word' id='word_1_284' title='bbox 957 4282 1081 4336; x_wconf 87' lang='lat' dir='ltr'>frendens</span> <span class='ocrx_word' id='word_1_285' title='bbox 1097 4283 1135 4338; x_wconf 87' lang='lat' dir='ltr'>V:</span> <span class='ocrx_word' id='word_1_286' title='bbox 1148 4282 1300 4336; x_wconf 82' lang='lat' dir='ltr'>infrendens</span> <span class='ocrx_word' id='word_1_287' title='bbox 1312 4283 1384 4339; x_wconf 70' lang='lat' dir='ltr'>Are</span> <span class='ocrx_word' id='word_1_288' title='bbox 1437 4283 1481 4339; x_wconf 89' lang='grc'>61</span> <span class='ocrx_word' id='word_1_289' title='bbox 1498 4282 1532 4337; x_wconf 89' lang='lat' dir='ltr'>V:</span> 
     </span>
     <span class='ocr_line' id='line_1_35' title="bbox 408 4368 1534 4426; baseline -0.002 -4"><span class='ocrx_word' id='word_1_290' title='bbox 408 4369 540 4424; x_wconf 64' lang='grc'>11111111</span> <span class='ocrx_word' id='word_1_291' title='bbox 604 4368 749 4425; x_wconf 84' lang='grc'>8111111111</span> <span class='ocrx_word' id='word_1_292' title='bbox 762 4370 828 4422; x_wconf 84' lang='lat' dir='ltr'>seA</span> <span class='ocrx_word' id='word_1_293' title='bbox 882 4369 918 4426; x_wconf 87' lang='lat'>15</span> <span class='ocrx_word' id='word_1_294' title='bbox 937 4370 1070 4422; x_wconf 87' lang='lat' dir='ltr'>conectam</span> <span class='ocrx_word' id='word_1_295' title='bbox 1078 4369 1146 4423; x_wconf 85' lang='lat' dir='ltr'>FV:</span> <span class='ocrx_word' id='word_1_296' title='bbox 1158 4371 1311 4423; x_wconf 86' lang='lat' dir='ltr'>connectam</span> <span class='ocrx_word' id='word_1_297' title='bbox 1319 4369 1363 4423; x_wconf 86' lang='lat' dir='ltr'>Ao</span> <span class='ocrx_word' id='word_1_298' title='bbox 1425 4369 1462 4426; x_wconf 89' lang='lat'>18</span> <span class='ocrx_word' id='word_1_299' title='bbox 1475 4369 1534 4421; x_wconf 88' lang='lat' dir='ltr'>uita</span> 
     </span>
     <span class='ocr_line' id='line_1_36' title="bbox 408 4454 1534 4522; baseline 0.003 -16"><span class='ocrx_word' id='word_1_300' title='bbox 408 4454 499 4509; x_wconf 86' lang='lat' dir='ltr'>AMV</span> <span class='ocrx_word' id='word_1_301' title='bbox 517 4462 543 4508; x_wconf 85' lang='grc'>11</span> <span class='ocrx_word' id='word_1_302' title='bbox 558 4471 604 4522; x_wconf 81' lang='lat' dir='ltr'>pr.</span> <span class='ocrx_word' id='word_1_303' title='bbox 627 4473 659 4508; x_wconf 87' lang='lat' dir='ltr'>m.</span> <span class='ocrx_word' id='word_1_304' title='bbox 682 4456 723 4509; x_wconf 88' lang='lat' dir='ltr'>F:</span> <span class='ocrx_word' id='word_1_305' title='bbox 743 4455 816 4508; x_wconf 90' lang='lat' dir='ltr'>uitae</span> <span class='ocrx_word' id='word_1_306' title='bbox 841 4454 871 4508; x_wconf 83' lang='lat' dir='ltr'><strong><em>F</em></strong></span> <span class='ocrx_word' id='word_1_307' title='bbox 889 4470 957 4508; x_wconf 80' lang='lat' dir='ltr'>corr.</span> <span class='ocrx_word' id='word_1_308' title='bbox 981 4459 1044 4508; x_wconf 87' lang='lat' dir='ltr'>etc</span> <span class='ocrx_word' id='word_1_309' title='bbox 1107 4455 1144 4511; x_wconf 84' lang='lat'>21</span> <span class='ocrx_word' id='word_1_310' title='bbox 1163 4455 1275 4509; x_wconf 87' lang='lat' dir='ltr'>retineri</span> <span class='ocrx_word' id='word_1_311' title='bbox 1290 4455 1326 4509; x_wconf 88' lang='lat' dir='ltr'>V:</span> <span class='ocrx_word' id='word_1_312' title='bbox 1353 4455 1440 4508; x_wconf 88' lang='lat' dir='ltr'>teneri</span> <span class='ocrx_word' id='word_1_313' title='bbox 1460 4454 1534 4509; x_wconf 83' lang='lat' dir='ltr'>AFo</span> 
     </span>
    </p>

    <p class='ocr_par' dir='ltr' id='par_1_4' title="bbox 408 4538 1534 4782">
     <span class='ocr_line' id='line_1_37' title="bbox 460 4538 1534 4610; baseline 0 -16"><span class='ocrx_word' id='word_1_314' title='bbox 460 4541 702 4608; x_wconf 63' lang='grc'>221111111111.</span> <span class='ocrx_word' id='word_1_315' title='bbox 757 4540 795 4598; x_wconf 80' lang='lat'>25</span> <span class='ocrx_word' id='word_1_316' title='bbox 808 4538 974 4608; x_wconf 82' lang='lat' dir='ltr'>penderetA</span> <span class='ocrx_word' id='word_1_317' title='bbox 1026 4539 1064 4596; x_wconf 81' lang='lat'>26</span> <span class='ocrx_word' id='word_1_318' title='bbox 1077 4541 1148 4594; x_wconf 85' lang='lat' dir='ltr'>crine</span> <span class='ocrx_word' id='word_1_319' title='bbox 1159 4541 1284 4610; x_wconf 85' lang='lat' dir='ltr'>tergebat</span> <span class='ocrx_word' id='word_1_320' title='bbox 1296 4557 1345 4594; x_wconf 83' lang='lat' dir='ltr'>om.</span> <span class='ocrx_word' id='word_1_321' title='bbox 1358 4539 1389 4593; x_wconf 84' lang='lat' dir='ltr'><strong><em>F</em></strong></span> <span class='ocrx_word' id='word_1_322' title='bbox 1438 4540 1534 4597; x_wconf 77' lang='grc'>1111-</span> 
     </span>
     <span class='ocr_line' id='line_1_38' title="bbox 408 4625 1533 4695; baseline -0.004 -10"><span class='ocrx_word' id='word_1_323' title='bbox 408 4630 475 4685; x_wconf 86' lang='lat' dir='ltr'>uelli</span> <span class='ocrx_word' id='word_1_324' title='bbox 498 4628 528 4683; x_wconf 83' lang='lat' dir='ltr'><em>F</em></span> <span class='ocrx_word' id='word_1_325' title='bbox 542 4644 586 4695; x_wconf 80' lang='lat' dir='ltr'>pr.</span> <span class='ocrx_word' id='word_1_326' title='bbox 609 4645 641 4681; x_wconf 84' lang='grc'>11.</span> <span class='ocrx_word' id='word_1_327' title='bbox 697 4628 733 4684; x_wconf 91' lang='grc'>31</span> <span class='ocrx_word' id='word_1_328' title='bbox 752 4625 838 4695; x_wconf 86' lang='lat' dir='ltr'>poscit</span> <span class='ocrx_word' id='word_1_329' title='bbox 859 4625 926 4680; x_wconf 91' lang='lat' dir='ltr'>BV:</span> <span class='ocrx_word' id='word_1_330' title='bbox 949 4625 1069 4695; x_wconf 90' lang='lat' dir='ltr'>poposcit</span> <span class='ocrx_word' id='word_1_331' title='bbox 1090 4626 1163 4681; x_wconf 78' lang='lat' dir='ltr'>AFe</span> <span class='ocrx_word' id='word_1_332' title='bbox 1185 4628 1196 4694; x_wconf 85' lang='grc' dir='ltr'>ΙΙ</span> <span class='ocrx_word' id='word_1_333' title='bbox 1219 4627 1308 4680; x_wconf 86' lang='lat' dir='ltr'>dicens</span> <span class='ocrx_word' id='word_1_334' title='bbox 1335 4626 1370 4680; x_wconf 92' lang='lat' dir='ltr'>V:</span> <span class='ocrx_word' id='word_1_335' title='bbox 1387 4626 1450 4680; x_wconf 87' lang='lat' dir='ltr'>dein</span> <span class='ocrx_word' id='word_1_336' title='bbox 1470 4627 1533 4693; x_wconf 82' lang='lat' dir='ltr'>AF,</span> 
     </span>
     <span class='ocr_line' id='line_1_39' title="bbox 410 4711 1044 4782; baseline -0.003 -12"><span class='ocrx_word' id='word_1_337' title='bbox 410 4715 531 4771; x_wconf 86' lang='lat' dir='ltr'>deindec</span> <span class='ocrx_word' id='word_1_338' title='bbox 554 4716 566 4782; x_wconf 77' lang='grc'>11</span> <span class='ocrx_word' id='word_1_339' title='bbox 583 4713 733 4782; x_wconf 88' lang='lat' dir='ltr'>conpellant</span> <span class='ocrx_word' id='word_1_340' title='bbox 745 4712 812 4767; x_wconf 85' lang='lat' dir='ltr'>AV:</span> <span class='ocrx_word' id='word_1_341' title='bbox 825 4711 989 4781; x_wconf 89' lang='lat' dir='ltr'>compellunt</span> <span class='ocrx_word' id='word_1_342' title='bbox 999 4712 1044 4768; x_wconf 75' lang='lat' dir='ltr'>Fe</span> 
     </span>
    </p>
   </div>
   <div class='ocr_carea' id='block_1_4' title="bbox 0 0 1940 5634">
    <p class='ocr_par' dir='ltr' id='par_1_5' title="bbox 0 0 1940 5634">
     <span class='ocr_line' id='line_1_40' title="bbox 0 0 1940 5634; baseline 0 0"><span class='ocrx_word' id='word_1_343' title='bbox 0 0 1940 5634; x_wconf 95' lang='lat' dir='ltr'> </span> 
     </span>
    </p>
   </div>
  </div>
 </body>
</html>
