3834 5634
431 1433 478 1516 Π.
496 1432 678 1537 Epistula
705 1432 741 1518 S.
770 1433 907 1519 Seueri
933 1433 983 1517 ad
1010 1434 1210 1517 Claudiam
1238 1455 1409 1517 sororem
1440 1435 1488 1518 dc

842 1573 1086 1675 uirginitate.

447 1939 599 2039 Quanam
624 1981 655 2040 in
680 1981 850 2040 caelestibus
874 1979 1079 2039 beatitudinem
1094 1981 1248 2055 uirginitas
1259 1984 1358 2064 sancta
1367 1980 1551 2056 possideat,1

401 2085 513 2156 praeter
524 2083 729 2156 scripturarum
740 2083 903 2142 testimonia
914 2084 1048 2142 666166166
1059 2084 1146 2142 etiam
1155 2085 1355 2144 consuetudine
1367 2087 1521 2158 edocemur,

379 2203 459 2259 aqua
473 2186 608 2245 discimus
622 2187 765 2259 peculiare
779 2186 840 2244 illis
855 2187 1009 2245 subsistere
1023 2187 1171 2259 meritum,
1195 2205 1314 2261 quarum
1329 2188 1460 2260 specialis
1476 2189 1520 2246 est

400 2289 581 2348 consecratio.
604 2307 671 2347 nam
686 2306 749 2348 cum
763 2289 898 2347 uniuersa
920 2285 1007 2348 turba
1026 2290 1199 2348 credentium
1219 2290 1300 2362 paria
1319 2289 1429 2363 gratiae
1449 2291 1523 2348 dona

400 2391 539 2465 percipiat
564 2381 593 2450 66
617 2393 708 2451 isdem
730 2409 826 2451 omnes
846 2393 1084 2451 sacramentorum
1099 2392 1340 2451 benedictionibus
1353 2391 1520 2465 glorientur,

399 2495 472 2554 istae
491 2495 637 2568 proprium
657 2495 766 2568 aliquid
781 2513 849 2568 prae
863 2496 964 2553 ceteris
979 2495 1098 2567 habent,
1122 2512 1185 2553 cum
1205 2496 1239 2553 de
1254 2495 1304 2553 illo
1320 2496 1416 2552 sancto
1431 2495 1460 2552 66
1475 2493 1521 2552 16-

398 2598 540 2656 maculato
556 2598 689 2656 ecclesiae
703 2615 788 2672 grege
803 2598 885 2672 quasi
900 2597 1054 2656 sanctiores
1069 2598 1251 2672 purioresque
1270 2599 1380 2656 11666166
1399 2614 1450 2669 pro
1470 2614 1521 2655 66-

366 2707 390 2747 ¹⁰
398 2700 521 2762 16666616
536 2717 603 2759 suae
617 2701 728 2759 meritis
743 2718 760 2759 a
775 2702 871 2760 sancto
887 2700 990 2774 spiritu
1006 2700 1151 2774 cligumtur
1166 2703 1195 2759 66
1209 2718 1259 2774 per
1273 2718 1413 2759 summum
1428 2716 1521 2758 66661-

397 2805 492 2862 dotem
517 2803 570 2862 Dei
595 2803 752 2862 offeruntur
777 2804 888 2863 6166116.
911 2803 999 2877 digna
1012 2821 1111 2862 reuera
1131 2804 1249 2863 Domino
1264 2804 1359 2862 1166616
1377 2806 1436 2861 666
1457 2819 1522 2877 pre·

398 2904 465 2964 tiosi
490 2905 624 2964 animalis
649 2906 769 2978 oblatio,
793 2908 822 2965 66
841 2906 923 2964 66116
942 2907 1035 2980 magis
1055 2908 1081 2966 ei
1096 2924 1181 2980 quam
1196 2907 1329 2980 imaginis
1345 2923 1412 2964 suae
1425 2905 1521 2964 1166616

398 3007 549 3081 placitura.
583 3010 617 3066 de
642 3008 803 3067 huiusmodi
828 3009 903 3068 enim
933 3010 1102 3083 Apostolum
1133 3009 1282 3082 praecipue
1312 3009 1416 3068 dixisse
1445 3025 1521 3067 reor:

399 3110 556 3170 Obsecro
578 3112 794 3184 66666666,
826 3111 978 3184 fratres,
1006 3130 1068 3185 per
1089 3112 1375 3171 misericordiam
1397 3111 1459 3169 1161
1481 3112 1522 3169 66

367 3213 609 3273 6611111166616
631 3231 780 3287 corpora
801 3218 927 3274 uestra
947 3215 1102 3274 hostiam
1127 3216 1324 3286 uiuentem,
1349 3216 1521 3283 66666616,

397 3316 465 3375 1166
488 3317 700 3390 placentem.
724 3319 849 3392 possidet
875 3336 940 3392 ergo
967 3319 1119 3392 uirginitas
1144 3320 1173 3376 et
1188 3319 1262 3391 quod
1284 3317 1335 3375 alii
1360 3317 1466 3374 11611666
1492 3317 1522 3373 66

397 3421 472 3491 quod
486 3419 538 3477 6111
552 3437 608 3478 666
623 3421 745 3493 11611666,
769 3422 835 3479 dum
858 3423 885 3479 et
907 3438 1080 3479 communem
1102 3422 1131 3479 et
1145 3421 1316 3493 peculiarem
1331 3419 1440 3478 obtinet
1453 3436 1520 3492 gra-

397 3522 483 3594 tiam,
507 3524 537 3582 et
559 3525 690 3596 proprio,
713 3526 747 3582 ut
771 3524 813 3581 166
839 3524 971 3595 dixerim,
1007 3524 1225 3582 consecrationis
1239 3521 1389 3596 priuilegio
1403 3522 1518 3594 gaudet.

397 3643 463 3683 nam
489 3627 519 3684 66
545 3626 651 3685 Christi
672 3644 790 3700 sponsas
816 3627 942 3700 uirgines
963 3627 1054 3686 dicere
1074 3627 1265 3686 ecclesiastica
1283 3625 1365 3684 nobis
1379 3624 1522 3697 permittit

503 3808 539 3865 13
557 3809 633 3862 Rom.
654 3809 699 3873 12,
720 3810 744 3865 1.

449 3978 467 4035 3
486 3977 621 4045 Quantum
633 3980 661 4037 R
712 3981 732 4037 4
750 3981 875 4034 ecclesiae
887 3981 941 4033 iam
957 3981 984 4034 V
1041 3981 1059 4038 5
1077 3996 1130 4048 qua
1142 3979 1210 4033 AV:
1230 3979 1293 4046 quia
1310 3977 1381 4040 OH,‘'
1392 3976 1438 4044 qui
1451 3977 1478 4030 11
1497 3976 1509 4042 ΙΙ

398 4063 523 4118 discimus
541 4065 606 4120 CH:
625 4066 786 4120 addiscimus
798 4067 885 4130 AVb,
899 4067 1059 4120 addiscimur
1071 4067 1099 4120 11
1116 4068 1128 4132 A
1144 4066 1244 4118 illis-
1254 4080 1365 4132 quarum
1378 4063 1415 4116 V:
1434 4062 1520 4114 illi-

398 4150 472 4203 66166
492 4151 605 4206 ACHR
627 4155 639 4219 ΙΙ
662 4155 704 4206 666
725 4153 848 4221 specialis
875 4153 897 4207 0
947 4152 1051 4208 611666
1071 4151 1176 4220 gratiae
1202 4152 1225 4205 O
1285 4150 1303 4204 7
1321 4148 1471 4218 percipiant
1495 4147 1523 4200 V

408 4237 420 4304 ΙΙ
435 4237 539 4292 hisdem
549 4239 640 4306 GRV,
659 4238 758 4292 eisdem
769 4239 803 4291 Η
816 4241 827 4304 ΙΙ
843 4239 960 4291 61661616
975 4239 1002 4291 V
1049 4238 1134 4294 81666
1146 4237 1180 4290 ad
1191 4237 1219 4289 A
1235 4239 1247 4305 lt
1262 4235 1412 4290 habendum
1424 4230 1518 4286 deAR

408 4325 420 4391 ΙΙ
442 4340 501 4378 61161
522 4326 564 4380 R:
583 4325 646 4378 dum
663 4326 714 4379 cV
790 4325 824 4380 11
844 4324 1126 4392 digua-placentem
1147 4339 1195 4376 om.
1209 4324 1236 4375 A
1259 4325 1271 4391 ΙΙ
1293 4321 1382 4375 1166616
1402 4335 1451 4372 666.
1465 4317 1524 4371 RV

449 4411 486 4468 12
504 4412 580 4465 nulla
591 4411 678 4480 magis
691 4411 716 4464 61
728 4410 794 4465 RV:
813 4410 913 4463 nullius
925 4409 1012 4477 magis
1030 4410 1053 4465 0
1066 4413 1078 4477 ΙΙ
1095 4426 1174 4477 qnam
1187 4411 1213 4464 R
1226 4425 1294 4462 corr.
1308 4425 1341 4460 erc
1353 4405 1425 4474 quia,
1438 4420 1519 4471 quum

400 4495 427 4550 V
445 4497 457 4564 ΙΙ
480 4514 542 4551 6666
560 4497 686 4565 imaginis
713 4497 736 4550 O
803 4496 840 4551 13
858 4495 987 4548 eiusmodi
1005 4495 1032 4549 R
1102 4495 1140 4551 14
1157 4489 1523 4564 116116166116.1161666.1111

449 4583 485 4641 15
504 4583 640 4636 uiuentem
651 4583 718 4637 RV:
738 4582 829 4635 uiuam
846 4582 869 4637 G
919 4581 955 4637 17
974 4581 1038 4634 dum
1049 4597 1212 4635 communem
1224 4581 1251 4633 A
1267 4581 1279 4646 11
1295 4595 1350 4648 pec.
1363 4578 1445 4631 habet
1458 4591 1518 4644 gra-

396 4667 462 4722 tiam
478 4668 505 4722 V

1275 4751 1315 4817 15
