3834 5634
844 751 1004 821 Epistula
1021 751 1071 806 III.
1460 755 1521 822 149

396 907 496 992 parcis
511 908 623 987 aetati,
645 908 761 973 bonurn
775 907 854 972 mihi
868 908 929 987 est,
953 907 1101 987 Domine,
1125 908 1267 973 uoluntas
1281 909 1350 974 tua:
1371 910 1425 974 hos
1440 928 1522 989 uero,

398 1010 509 1093 quibus
530 1010 639 1089 timec,
663 1009 727 1092 ipse
753 1009 913 1075 custodies.
948 1010 1091 1076 cuirum
1113 1011 1314 1090 ineffabilem,
1342 1030 1397 1077 nec
1421 1013 1576 1077 labore14

397 1113 518 1177 uictum
532 1131 587 1177 nec
601 1113 698 1177 morte
713 1113 912 1191 uincendum,
936 1113 990 1194 qui
1015 1113 1049 1178 in
1075 1113 1195 1178 nullam
1214 1131 1246 1178 se
1265 1114 1383 1196 partem
1403 1114 1524 1196 pronior

398 1214 608 1294 inclinarent,
631 1233 686 1280 nec
711 1216 789 1279 mori
814 1215 955 1280 timuerit
982 1235 1037 1280 nec
1067 1216 1172 1281 uiuere
1196 1216 1389 1281 recusauerit.
1423 1216 1526 1299 itaque

377 1335 470 1382 scum
495 1317 559 1382 iam
583 1336 637 1400 per
662 1317 780 1400 aliquot
804 1318 868 1381 dies
890 1318 923 1382 ui
944 1316 1078 1383 febrium
1105 1319 1274 1399 teneretur,
1296 1336 1356 1385 non
1370 1317 1526 1384 tamenab

399 1439 487 1503 opere
507 1420 566 1485 Dei
587 1420 738 1485 cessabat:
760 1422 937 1503 pernoctans
963 1421 996 1485 in
1021 1422 1211 1486 orationibus
1237 1423 1269 1486 et
1293 1421 1412 1506 uigiliis
1436 1420 1526 1486 fatis-

400 1524 500 1588 centes
521 1523 606 1587 artus
627 1523 751 1605 spiritui
772 1523 885 1588 seruire
905 1524 1047 1607 cogebat,
1070 1524 1166 1589 nobili
1187 1523 1241 1588 illo
1256 1524 1352 1588 strato
1367 1541 1421 1587 suc
1435 1523 1469 1588 in
1483 1523 1526 1587 ci-

399 1644 469 1690 nere
490 1626 521 1690 et
535 1625 634 1689 cilicio
649 1626 803 1692 recubans.
827 1627 858 1691 et
877 1644 949 1690 cum
968 1645 987 1691 a
1006 1626 1164 1709 discipulis
1184 1626 1341 1710 rogaretur
1367 1626 1403 1690 ut
1422 1625 1527 1690 saltim

401 1727 477 1791 uilia
492 1727 551 1792 sibi
567 1728 678 1792 sineret
693 1729 860 1793 stramenta
874 1729 1018 1810 subponi,
1041 1746 1102 1794 non
1116 1729 1216 1806 dccet,
1240 1728 1355 1810 inquit,
1378 1727 1526 1792 Christia-

365 1850 477 1895 1⁰num
491 1831 551 1895 nisi
566 1830 599 1895 in
614 1831 712 1895 cinere
727 1832 820 1894 mori:
843 1849 899 1914 ego
919 1831 947 1895 si
968 1831 1052 1895 aliud
1073 1831 1161 1896 uobis
1184 1831 1358 1912 exemplum
1379 1829 1525 1911 relinquo,

401 1933 533 2015 peccaui.
557 1933 653 1996 oculis
668 1933 771 1998 tamen
786 1951 821 1998 ac
835 1933 977 1998 manibus
992 1934 1024 1998 in
1045 1935 1163 1999 caelum
1184 1952 1303 2015 semper
1327 1932 1453 1997 intentis
1479 1932 1526 1996 in·

401 2035 523 2099 uictum
537 2035 575 2101 ab
591 2035 724 2100 oratione
739 2035 884 2118 spiritum
898 2054 958 2101 non
973 2037 1135 2101 relaxabat.
1160 2037 1190 2101 et
1210 2055 1280 2100 curu
1301 2033 1526 2118 apresbyteris‚
1539 2043 1578 2100 15

402 2138 455 2219 qui
483 2137 557 2201 tunc
582 2138 621 2201 ad
647 2157 718 2202 eum
738 2140 952 2218 conuenerant,
975 2140 1133 2223 rogaretur
1147 2139 1183 2202 ut
1197 2138 1409 2219 corpusculum
1423 2137 1528 2202 lateris

403 2240 572 2304 mutatione
597 2239 761 2319 releuaret,
784 2241 890 2319 sinite,
913 2241 1030 2323 inquit,
1053 2241 1145 2305 sinite
1165 2259 1229 2319 me,
1258 2240 1382 2318 fratres,
1410 2239 1529 2304 caelum

367 2364 393 2403 15
403 2342 506 2424 potius
532 2344 679 2425 respicere
704 2362 797 2424 quam
821 2344 954 2421 terram,
977 2344 1013 2407 ut
1028 2361 1082 2407 suo
1097 2344 1161 2408 iam
1175 2343 1282 2407 itinere
1297 2343 1397 2406 iturus
1412 2342 1451 2406 ad
1464 2342 1528 2406 Do-

403 2445 523 2509 minum
538 2446 664 2527 spiritus
679 2445 839 2528 dirigatur.
863 2447 937 2510 haec
950 2445 1071 2510 locutus
1081 2445 1238 2510 diabolum
1252 2444 1333 2508 uidit
1343 2461 1434 2525 prope
1446 2444 1528 2508 adsi·
1540 2456 1578 2510 16

403 2549 491 2612 stare.
526 2547 601 2630 quid
626 2548 692 2626 hic,
725 2549 841 2631 inquit,
872 2549 989 2627 adstas,
1013 2549 1136 2613 cruenta
1160 2547 1279 2611 bestia?
1307 2546 1387 2610 nihil
1411 2545 1444 2610 in
1469 2564 1527 2625 me,

404 2650 537 2729 funeste,
560 2651 705 2733 reperies:
728 2650 869 2716 Abrahae
884 2670 933 2715 me
947 2651 1033 2715 sinus
1048 2651 1164 2732 recipit.

447 2751 525 2817 Cum
539 2753 597 2817 hac
607 2771 682 2836 ergo
697 2771 770 2817 uoce
785 2753 930 2835 spiritum
944 2753 1093 2818 reddidit:
1109 2753 1274 2834 testatique
1288 2751 1375 2816 nobis
1390 2752 1462 2815 sunt
1476 2750 1530 2832 qui
1540 2760 1577 2815 17

368 2871 396 2912 :c
403 2855 521 2919 ibidem
534 2855 673 2934 fuerunt,
696 2855 811 2921 uidisse
831 2875 863 2920 se
878 2857 1001 2920 uultum
1019 2857 1084 2921 eius
1099 2857 1259 2938 tamquam
1273 2855 1398 2919 uultum
1412 2852 1528 2937 angeli:

458 3093 473 3148 1
493 3094 535 3146 cst
546 3092 641 3146 mihic
664 3096 675 3161 11
698 3094 822 3158 Domine,
841 3094 889 3147 fiat
901 3095 1025 3149 uoluntas
1038 3095 1072 3148 de
1082 3096 1170 3149 Pecto
1187 3111 1249 3150 cam
1260 3094 1318 3148 eod.
1333 3094 1418 3148 Blae.
1441 3097 1467 3147 et
1488 3091 1527 3146 ed.

405 3177 470 3232 Ald.
523 3178 742 3235 2custodiasM
791 3180 1024 3248 3parteprunior
1039 3182 1065 3235 V
1113 3179 1434 3236 4inelinaueritBMV:
1452 3177 1529 3231 incli-

405 3266 519 3317 nauerat
537 3265 608 3318 Aac
639 3266 651 3332 ll
682 3267 767 3318 morte
792 3267 816 3319 V
846 3268 858 3333 ΙΙ
890 3266 984 3318 timuit
1004 3266 1047 3319 Ac
1081 3267 1093 3334 ΙΙ
1124 3265 1287 3318 recusauerit
1312 3265 1358 3317 M:
1394 3262 1529 3316 recusauit

406 3349 562 3417 Arrabo
625 3350 643 3409 5
663 3350 770 3418 aliquod
786 3351 813 3404 V
832 3352 843 3418 ΙΙ
867 3351 938 3404 adei
949 3367 1026 3420 opere
1039 3351 1110 3404 Arc
1122 3350 1176 3418 (dei
1188 3365 1246 3403 :coa
1257 3349 1331 3402 deest
1342 3349 1374 3401 ia
1390 3349 1427 3415 V,
1445 3353 1478 3402 ut
1489 3347 1530 3401 ait

408 3434 442 3488 de
454 3436 553 3502 Pecto)
596 3435 782 3503 dperncctans
798 3436 833 3490 V:
852 3452 948 3504 pernox
960 3436 1032 3490 Are
1078 3436 1096 3492 7
1115 3439 1187 3490 artos
1204 3437 1230 3491 V
1249 3437 1261 3504 ΙΙ
1281 3435 1381 3488 seruire
1394 3430 1530 3502 spirituic

418 3521 431 3588 ΙΙ
450 3521 503 3574 istc
515 3521 546 3574 F
549 3537 594 3589 pr.
607 3539 641 3574 aa.
666 3522 677 3589 ΙΙ
701 3523 786 3575 strato
798 3522 855 3576 BV
864 3522 938 3590 (item
949 3522 980 3575 F
989 3538 1057 3576 corr.
1072 3523 1208 3592 estratul:
1228 3523 1316 3574 stratu
1327 3520 1371 3573 Ac
1440 3518 1458 3574 8
1477 3517 1530 3570 sal·

407 3608 463 3659 tem
474 3606 519 3661 Fu
579 3606 596 3664 9
615 3607 655 3660 ait
667 3607 725 3660 illis
736 3624 787 3660 non
799 3607 869 3660 decit
881 3606 975 3675 inquid
991 3607 1017 3661 V
1036 3609 1048 3676 11
1071 3607 1247 3661 christianum
1262 3607 1298 3660 V:
1317 3605 1380 3668 filii,
1406 3602 1530 3657 christia·

408 3707 471 3745 num
491 3693 563 3748 AFa
616 3693 654 3750 10
671 3693 798 3747 incinere
810 3695 837 3746 et
849 3692 937 3747 cilicio
949 3693 1014 3747 Bet
1034 3696 1054 3746 2
1074 3693 1150 3748 codd.
1174 3693 1224 3746 elta·
1244 3691 1321 3760 apud
1342 3691 1375 3745 de
1397 3691 1485 3743 Pratc
1507 3690 1519 3757 11

409 3777 492 3830 alium
507 3779 533 3833 V
601 3779 636 3834 11
654 3779 763 3848 peccaui
775 3779 841 3833 BV:
868 3778 925 3846 ipse
942 3778 1049 3847 peccaui
1061 3779 1133 3832 AFc
1155 3780 1167 3846 ΙΙ
1191 3778 1274 3832 oculis
1286 3780 1377 3830 tamen
1391 3777 1427 3830 V:
1446 3774 1530 3828 oculis

408 3863 501 3932 ΑΓΘ,
520 3864 602 3918 oculis
614 3865 700 3933 igitur
711 3881 727 3918 c
749 3866 761 3932 ΙΙ
784 3863 897 3917 intentis
909 3863 976 3918 AV:
994 3863 1114 3918 intentus
1126 3864 1170 3918 Fe
1224 3863 1260 3919 13
1278 3866 1336 3915 turn
1348 3861 1419 3915 AFv
1439 3863 1451 3929 ΙΙ
1471 3876 1530 3914 con·

408 3951 536 4003 uenerant
548 3951 584 4004 V:
602 3950 780 4004 confluxerant
790 3949 863 4004 AFc
908 3949 946 4005 14
963 3949 1091 4003 releuarit
1107 3950 1133 4004 V
1177 3949 1213 4008 15
1231 3949 1271 4017 ut]
1284 3951 1311 4002 et
1323 3947 1389 4002 Am
1405 3949 1418 4016 ΙΙ
1434 3946 1530 4000 itinere

409 4049 457 4087 cm.
475 4035 502 4088 V
554 4035 590 4091 16
609 4035 778 4104 uidetAF'tt
789 4035 934 4103 propterA
941 4050 987 4102 pr.
1000 4051 1033 4088 m.
1047 4041 1073 4088 et
1084 4034 1140 4088 duc
1152 4035 1247 4102 optimi
1258 4033 1339 4088 Gabel.
1386 4033 1422 4089 17
1436 4033 1479 4086 cui
1492 4031 1531 4085 sic

410 4119 451 4173 ait
462 4120 526 4188 quid
537 4120 581 4174 hie
593 4120 687 4190 inquid
703 4121 729 4175 V
779 4119 815 4176 18
834 4120 967 4189 repperies
980 4120 1075 4173 abraae
1087 4119 1213 4188 (abrahae
1226 4120 1307 4189 corr.)
1319 4135 1361 4172 me
1373 4134 1451 4171 senus
1463 4117 1530 4171 reoi-

409 4205 452 4274 pit
467 4206 494 4259 V
560 4207 596 4263 19
615 4206 681 4262 Cum
693 4206 743 4260 hac
754 4222 817 4274 ergo
827 4236 859 4243 —
871 4206 901 4259 in
911 4205 1017 4259 futurae
1029 4205 1229 4259 resurrectionis
1246 4206 1285 4260 V:
1305 4203 1380 4259 codd.
1394 4203 1494 4271 reliqui
1505 4207 1531 4256 et

411 4291 470 4344 edd.
483 4293 647 4361 interpolate
658 4293 697 4346 ete
708 4292 822 4346 babeat:
842 4290 909 4346 Cum
920 4290 970 4344 hac
983 4307 1044 4360 ergo
1056 4307 1118 4344 uoce
1130 4289 1284 4359 flagitatum
1301 4290 1351 4359 (eie
1362 4287 1454 4357 ΑΕΘ,
1467 4286 1531 4340 fati·

411 4378 503 4445 gatum
516 4378 555 4431 ed.
569 4378 647 4443 Alc,
666 4378 834 4447 flagitantem
845 4377 871 4446 c)
892 4375 993 4429 diuinis
1017 4375 1140 4445 operibus
1161 4375 1287 4445 spiritum
1310 4374 1381 4428 caelo
1401 4371 1530 4427 reddidit:

411 4463 556 4531 testatique
569 4463 675 4531 (testati
687 4463 772 4532 igitur·
790 4461 823 4532 Q)
835 4461 911 4515 nobis
925 4464 988 4515 sunt
1000 4461 1047 4530 qui
1059 4462 1198 4515 adfuerant
1210 4461 1264 4514 iarn
1275 4460 1394 4514 exanimo
1405 4456 1531 4529 (exanimi

411 4547 439 4600 A
460 4554 485 4602 et
505 4552 523 4602 3
543 4549 619 4603 codd.
646 4549 715 4619 Gis.)
729 4563 833 4616 corpore
850 4546 995 4616 glorificati
1007 4547 1122 4601 hominis
1134 4547 1232 4600 uidisse
1245 4562 1273 4599 se
1285 4546 1344 4614 (om.
1358 4545 1398 4614 F)
1409 4545 1529 4613 gloriam.

412 4633 503 4687 uultus
515 4634 590 4702 (cdd.
604 4635 661 4688 eius
672 4635 705 4688 aa
716 4634 754 4703 A)
765 4633 824 4686 lucc
836 4620 1076 4686 claricr'renitebat
1094 4632 1184 4700 (immo
1196 4630 1357 4700 renidebat),
1377 4646 1436 4683 cum
1447 4645 1530 4683 mem·

413 4717 462 4772 bra
474 4721 561 4774 cetera
572 4736 605 4774 ne
616 4719 705 4774 tenuis
722 4718 829 4788 quidem
844 4718 948 4772 macula
965 4718 1088 4773 iirscaret.
1106 4719 1136 4771 in
1152 4717 1215 4772 aliis
1227 4716 1309 4771 etiam
1326 4717 1354 4769 et
1370 4715 1400 4769 in
1416 4715 1464 4769 illc
1481 4716 1496 4784 (
1512 4716 1517 4727 '
