<?xml version="1.0" encoding="UTF-8"?>
<!DOCTYPE html PUBLIC "-//W3C//DTD XHTML 1.0 Transitional//EN"
    "http://www.w3.org/TR/xhtml1/DTD/xhtml1-transitional.dtd">
<html xmlns="http://www.w3.org/1999/xhtml" xml:lang="en" lang="en">
 <head>
  <title>
</title>
<meta http-equiv="Content-Type" content="text/html;charset=utf-8" />
  <meta name='ocr-system' content='tesseract 3.04.00' />
  <meta name='ocr-capabilities' content='ocr_page ocr_carea ocr_par ocr_line ocrx_word'/>
</head>
<body>
  <div class='ocr_page' id='page_1' title='image "./sulpiciiseveril00sevegoog_0093.png"; bbox 0 0 3834 5634; ppageno 0'>
   <div class='ocr_carea' id='block_1_1' title="bbox 818 712 1529 778">
    <p class='ocr_par' dir='ltr' id='par_1_1' title="bbox 818 712 1529 778">
     <span class='ocr_line' id='line_1_1' title="bbox 818 712 1529 778; baseline 0.004 -10"><span class='ocrx_word' id='word_1_1' title='bbox 818 712 931 768; x_wconf 89' lang='lat' dir='ltr'>Chron.</span> <span class='ocrx_word' id='word_1_2' title='bbox 949 712 987 777; x_wconf 89' lang='lat'>11,</span> <span class='ocrx_word' id='word_1_3' title='bbox 1007 713 1126 770; x_wconf 82' lang='lat'>17—19.</span> <span class='ocrx_word' id='word_1_4' title='bbox 1488 712 1529 778; x_wconf 81' lang='grc'>75</span> 
     </span>
    </p>
   </div>
   <div class='ocr_carea' id='block_1_2' title="bbox 388 866 1581 1465">
    <p class='ocr_par' dir='ltr' id='par_1_2' title="bbox 388 866 1581 1465">
     <span class='ocr_line' id='line_1_2' title="bbox 411 866 1558 953; baseline 0.001 -21"><span class='ocrx_word' id='word_1_5' title='bbox 411 884 446 932; x_wconf 88' lang='lat' dir='ltr'>ae</span> <span class='ocrx_word' id='word_1_6' title='bbox 466 867 568 932; x_wconf 87' lang='lat' dir='ltr'>multa</span> <span class='ocrx_word' id='word_1_7' title='bbox 589 866 679 932; x_wconf 90' lang='lat' dir='ltr'>caede</span> <span class='ocrx_word' id='word_1_8' title='bbox 700 868 847 933; x_wconf 87' lang='lat' dir='ltr'>uastauit.</span> <span class='ocrx_word' id='word_1_9' title='bbox 871 869 903 934; x_wconf 93' lang='lat' dir='ltr'>id</span> <span class='ocrx_word' id='word_1_10' title='bbox 925 871 1048 953; x_wconf 81' lang='lat' dir='ltr'>gestum</span> <span class='ocrx_word' id='word_1_11' title='bbox 1070 869 1108 934; x_wconf 90' lang='lat' dir='ltr'>ab</span> <span class='ocrx_word' id='word_1_12' title='bbox 1130 887 1252 933; x_wconf 89' lang='lat' dir='ltr'>excessu</span> <span class='ocrx_word' id='word_1_13' title='bbox 1267 866 1433 932; x_wconf 78' lang='lat' dir='ltr'>Alexandri</span> <span class='ocrx_word' id='word_1_14' title='bbox 1453 879 1558 933; x_wconf 78' lang='lat' dir='ltr'>annos</span> 
     </span>
     <span class='ocr_line' id='line_1_3' title="bbox 410 968 1530 1055; baseline -0.002 -21"><span class='ocrx_word' id='word_1_15' title='bbox 410 970 574 1034; x_wconf 89' lang='lat' dir='ltr'>centesimo</span> <span class='ocrx_word' id='word_1_16' title='bbox 589 987 648 1035; x_wconf 93' lang='lat' dir='ltr'>uno</span> <span class='ocrx_word' id='word_1_17' title='bbox 663 972 695 1035; x_wconf 91' lang='lat' dir='ltr'>et</span> <span class='ocrx_word' id='word_1_18' title='bbox 714 971 980 1055; x_wconf 81' lang='lat' dir='ltr'>quinquagesimo,</span> <span class='ocrx_word' id='word_1_19' title='bbox 1001 972 1115 1050; x_wconf 89' lang='lat' dir='ltr'>Paulo,</span> <span class='ocrx_word' id='word_1_20' title='bbox 1138 975 1174 1036; x_wconf 93' lang='lat' dir='ltr'>ut</span> <span class='ocrx_word' id='word_1_21' title='bbox 1194 971 1342 1048; x_wconf 84' lang='lat' dir='ltr'>diximus,</span> <span class='ocrx_word' id='word_1_22' title='bbox 1366 968 1530 1051; x_wconf 85' lang='lat' dir='ltr'>Crassoque</span> 
     </span>
     <span class='ocr_line' id='line_1_4' title="bbox 410 1072 1530 1173; baseline -0.001 -37"><span class='ocrx_word' id='word_1_23' title='bbox 410 1072 597 1173; x_wconf 87' lang='lat' dir='ltr'>consulibus,</span> <span class='ocrx_word' id='word_1_24' title='bbox 627 1074 697 1154; x_wconf 92' lang='lat' dir='ltr'>post</span> <span class='ocrx_word' id='word_1_25' title='bbox 726 1073 966 1155; x_wconf 85' lang='lat' dir='ltr'>quinquennium</span> <span class='ocrx_word' id='word_1_26' title='bbox 995 1073 1058 1138; x_wconf 88' lang='lat' dir='ltr'>fere</span> <span class='ocrx_word' id='word_1_27' title='bbox 1086 1093 1178 1156; x_wconf 89' lang='lat' dir='ltr'>quam</span> <span class='ocrx_word' id='word_1_28' title='bbox 1206 1073 1377 1138; x_wconf 78' lang='lat' dir='ltr'>Antiochus</span> <span class='ocrx_word' id='word_1_29' title='bbox 1405 1089 1530 1156; x_wconf 84' lang='lat' dir='ltr'>regnare</span> 
     </span>
     <span class='ocr_line' id='line_1_5' title="bbox 388 1177 1581 1360; baseline 0.003 -19"><span class='ocrx_word' id='word_1_30' title='bbox 388 1177 569 1342; x_wconf 51' lang='lat' dir='ltr'>lweSpcidmiit</span> <span class='ocrx_word' id='word_1_31' title='bbox 590 1279 764 1359; x_wconf 89' lang='lat' dir='ltr'>temporum</span> <span class='ocrx_word' id='word_1_32' title='bbox 786 1279 857 1342; x_wconf 91' lang='lat' dir='ltr'>ordo</span> <span class='ocrx_word' id='word_1_33' title='bbox 878 1280 1034 1344; x_wconf 89' lang='lat' dir='ltr'>consertus</span> <span class='ocrx_word' id='word_1_34' title='bbox 1067 1279 1110 1344; x_wconf 91' lang='lat' dir='ltr'>sit</span> <span class='ocrx_word' id='word_1_35' title='bbox 1138 1298 1174 1345; x_wconf 88' lang='lat' dir='ltr'>ac</span> <span class='ocrx_word' id='word_1_36' title='bbox 1203 1279 1322 1360; x_wconf 85' lang='lat' dir='ltr'>liqueat</span> <span class='ocrx_word' id='word_1_37' title='bbox 1346 1277 1529 1354; x_wconf 88' lang='lat' dir='ltr'>euidentius,</span> <span class='ocrx_word' id='word_1_38' title='bbox 1542 1282 1581 1344; x_wconf 77' lang='grc'>11</span> 
     </span>
     <span class='ocr_line' id='line_1_6' title="bbox 408 1378 1531 1465; baseline -0.001 -21"><span class='ocrx_word' id='word_1_39' title='bbox 408 1379 477 1461; x_wconf 88' lang='lat' dir='ltr'>quis</span> <span class='ocrx_word' id='word_1_40' title='bbox 499 1379 550 1444; x_wconf 93' lang='lat' dir='ltr'>hic</span> <span class='ocrx_word' id='word_1_41' title='bbox 571 1380 664 1446; x_wconf 87' lang='lat' dir='ltr'>fuerit</span> <span class='ocrx_word' id='word_1_42' title='bbox 678 1381 859 1458; x_wconf 81' lang='lat' dir='ltr'>Antiochus,</span> <span class='ocrx_word' id='word_1_43' title='bbox 882 1400 999 1465; x_wconf 87' lang='lat' dir='ltr'>regum,</span> <span class='ocrx_word' id='word_1_44' title='bbox 1021 1382 1074 1464; x_wconf 90' lang='lat' dir='ltr'>qui</span> <span class='ocrx_word' id='word_1_45' title='bbox 1088 1384 1158 1463; x_wconf 91' lang='lat' dir='ltr'>post</span> <span class='ocrx_word' id='word_1_46' title='bbox 1172 1380 1382 1446; x_wconf 80' lang='lat' dir='ltr'>Alexandrum</span> <span class='ocrx_word' id='word_1_47' title='bbox 1396 1380 1429 1444; x_wconf 92' lang='lat' dir='ltr'>in</span> <span class='ocrx_word' id='word_1_48' title='bbox 1443 1378 1531 1461; x_wconf 84' lang='lat' dir='ltr'>Syria</span> 
     </span>
    </p>
   </div>
   <div class='ocr_carea' id='block_1_3' title="bbox 330 1480 1562 3923">
    <p class='ocr_par' dir='ltr' id='par_1_3' title="bbox 330 1480 1562 3923">
     <span class='ocr_line' id='line_1_7' title="bbox 408 1480 1558 1565; baseline -0.003 -19"><span class='ocrx_word' id='word_1_49' title='bbox 408 1480 539 1560; x_wconf 77' lang='lat' dir='ltr'>buerant,</span> <span class='ocrx_word' id='word_1_50' title='bbox 562 1484 593 1547; x_wconf 89' lang='lat' dir='ltr'>et</span> <span class='ocrx_word' id='word_1_51' title='bbox 612 1483 732 1548; x_wconf 89' lang='lat' dir='ltr'>nomina</span> <span class='ocrx_word' id='word_1_52' title='bbox 746 1486 778 1549; x_wconf 89' lang='lat' dir='ltr'>et</span> <span class='ocrx_word' id='word_1_53' title='bbox 798 1486 936 1565; x_wconf 90' lang='lat' dir='ltr'>tempora</span> <span class='ocrx_word' id='word_1_54' title='bbox 950 1484 1204 1549; x_wconf 82' lang='lat' dir='ltr'>enumerabimus.</span> <span class='ocrx_word' id='word_1_55' title='bbox 1221 1483 1372 1560; x_wconf 88' lang='lat' dir='ltr'>defuncto,</span> <span class='ocrx_word' id='word_1_56' title='bbox 1388 1484 1424 1546; x_wconf 91' lang='lat' dir='ltr'>ut</span> <span class='ocrx_word' id='word_1_57' title='bbox 1439 1487 1558 1563; x_wconf 77' lang='lat' dir='ltr'>supraa</span> 
     </span>
     <span class='ocr_line' id='line_1_8' title="bbox 407 1584 1530 1670; baseline 0.002 -23"><span class='ocrx_word' id='word_1_58' title='bbox 407 1584 587 1662; x_wconf 88' lang='lat' dir='ltr'>retulimus,</span> <span class='ocrx_word' id='word_1_59' title='bbox 603 1603 674 1668; x_wconf 81' lang='lat' dir='ltr'>rege</span> <span class='ocrx_word' id='word_1_60' title='bbox 688 1585 877 1664; x_wconf 90' lang='lat' dir='ltr'>Alexandro,</span> <span class='ocrx_word' id='word_1_61' title='bbox 893 1587 931 1650; x_wconf 93' lang='lat' dir='ltr'>ab</span> <span class='ocrx_word' id='word_1_62' title='bbox 946 1586 1054 1651; x_wconf 90' lang='lat' dir='ltr'>amicis</span> <span class='ocrx_word' id='word_1_63' title='bbox 1069 1587 1134 1650; x_wconf 88' lang='lat' dir='ltr'>eius</span> <span class='ocrx_word' id='word_1_64' title='bbox 1149 1604 1277 1670; x_wconf 84' lang='lat' dir='ltr'>regnum</span> <span class='ocrx_word' id='word_1_65' title='bbox 1291 1604 1379 1649; x_wconf 94' lang='lat' dir='ltr'>omne</span> <span class='ocrx_word' id='word_1_66' title='bbox 1394 1584 1530 1649; x_wconf 91' lang='lat' dir='ltr'>diuisum</span> 
     </span>
     <span class='ocr_line' id='line_1_9' title="bbox 407 1687 1530 1770; baseline -0.001 -18"><span class='ocrx_word' id='word_1_67' title='bbox 407 1705 443 1752; x_wconf 88' lang='lat' dir='ltr'>ae</span> <span class='ocrx_word' id='word_1_68' title='bbox 463 1687 546 1770; x_wconf 84' lang='lat' dir='ltr'>regio</span> <span class='ocrx_word' id='word_1_69' title='bbox 571 1688 693 1752; x_wconf 89' lang='lat' dir='ltr'>nomine</span> <span class='ocrx_word' id='word_1_70' title='bbox 719 1689 909 1770; x_wconf 86' lang='lat' dir='ltr'>aliquamdiu</span> <span class='ocrx_word' id='word_1_71' title='bbox 931 1689 1181 1754; x_wconf 86' lang='lat' dir='ltr'>administratum</span> <span class='ocrx_word' id='word_1_72' title='bbox 1206 1690 1261 1752; x_wconf 92' lang='lat' dir='ltr'>est.</span> <span class='ocrx_word' id='word_1_73' title='bbox 1295 1687 1435 1752; x_wconf 88' lang='lat' dir='ltr'>Seleucus</span> <span class='ocrx_word' id='word_1_74' title='bbox 1460 1688 1530 1768; x_wconf 90' lang='lat' dir='ltr'>post</span> 
     </span>
     <span class='ocr_line' id='line_1_10' title="bbox 372 1789 1529 1875; baseline -0.003 -20"><span class='ocrx_word' id='word_1_75' title='bbox 372 1791 397 1829; x_wconf 90' lang='lat'>¹⁰</span> <span class='ocrx_word' id='word_1_76' title='bbox 406 1807 516 1855; x_wconf 92' lang='lat' dir='ltr'>nouem</span> <span class='ocrx_word' id='word_1_77' title='bbox 538 1808 631 1854; x_wconf 90' lang='lat' dir='ltr'>annos</span> <span class='ocrx_word' id='word_1_78' title='bbox 653 1790 686 1854; x_wconf 93' lang='lat' dir='ltr'>in</span> <span class='ocrx_word' id='word_1_79' title='bbox 700 1789 788 1874; x_wconf 82' lang='lat' dir='ltr'>Syria</span> <span class='ocrx_word' id='word_1_80' title='bbox 802 1810 854 1854; x_wconf 92' lang='lat' dir='ltr'>rex</span> <span class='ocrx_word' id='word_1_81' title='bbox 868 1793 915 1856; x_wconf 90' lang='lat' dir='ltr'>est</span> <span class='ocrx_word' id='word_1_82' title='bbox 930 1792 1118 1873; x_wconf 88' lang='lat' dir='ltr'>appellatus,</span> <span class='ocrx_word' id='word_1_83' title='bbox 1134 1791 1334 1875; x_wconf 80' lang='lat' dir='ltr'>regnauitque</span> <span class='ocrx_word' id='word_1_84' title='bbox 1349 1807 1442 1854; x_wconf 91' lang='lat' dir='ltr'>annos</span> <span class='ocrx_word' id='word_1_85' title='bbox 1456 1808 1484 1853; x_wconf 92' lang='grc'>11</span> <span class='ocrx_word' id='word_1_86' title='bbox 1498 1789 1529 1852; x_wconf 88' lang='grc'>11</span> 
     </span>
     <span class='ocr_line' id='line_1_11' title="bbox 405 1890 1556 1975; baseline -0.001 -19"><span class='ocrx_word' id='word_1_87' title='bbox 405 1911 490 1956; x_wconf 86' lang='lat' dir='ltr'>xxx.</span> <span class='ocrx_word' id='word_1_88' title='bbox 518 1894 587 1973; x_wconf 94' lang='lat' dir='ltr'>post</span> <span class='ocrx_word' id='word_1_89' title='bbox 606 1911 677 1957; x_wconf 93' lang='lat' dir='ltr'>eum</span> <span class='ocrx_word' id='word_1_90' title='bbox 697 1893 884 1972; x_wconf 78' lang='lat' dir='ltr'>Antiochus,</span> <span class='ocrx_word' id='word_1_91' title='bbox 906 1894 1086 1972; x_wconf 89' lang='lat' dir='ltr'>filiuseius,</span> <span class='ocrx_word' id='word_1_92' title='bbox 1114 1913 1207 1960; x_wconf 91' lang='lat' dir='ltr'>annos</span> <span class='ocrx_word' id='word_1_93' title='bbox 1228 1914 1324 1958; x_wconf 92' lang='lat' dir='ltr'>unum</span> <span class='ocrx_word' id='word_1_94' title='bbox 1344 1893 1382 1956; x_wconf 96' lang='lat' dir='ltr'>de</span> <span class='ocrx_word' id='word_1_95' title='bbox 1403 1890 1556 1975; x_wconf 77' lang='lat' dir='ltr'>uigintie</span> 
     </span>
     <span class='ocr_line' id='line_1_12' title="bbox 405 1994 1527 2080; baseline -0.001 -22"><span class='ocrx_word' id='word_1_96' title='bbox 405 1994 477 2059; x_wconf 93' lang='lat' dir='ltr'>inde</span> <span class='ocrx_word' id='word_1_97' title='bbox 491 1994 672 2073; x_wconf 88' lang='lat' dir='ltr'>Antiochus,</span> <span class='ocrx_word' id='word_1_98' title='bbox 694 1996 841 2060; x_wconf 88' lang='lat' dir='ltr'>Antiochi</span> <span class='ocrx_word' id='word_1_99' title='bbox 861 1997 959 2074; x_wconf 89' lang='lat' dir='ltr'>filius,</span> <span class='ocrx_word' id='word_1_100' title='bbox 982 1997 1035 2078; x_wconf 91' lang='lat' dir='ltr'>qui</span> <span class='ocrx_word' id='word_1_101' title='bbox 1051 1999 1082 2061; x_wconf 92' lang='lat' dir='ltr'>et</span> <span class='ocrx_word' id='word_1_102' title='bbox 1098 1998 1199 2061; x_wconf 84' lang='lat' dir='ltr'>Theus</span> <span class='ocrx_word' id='word_1_103' title='bbox 1220 1995 1451 2080; x_wconf 84' lang='lat' dir='ltr'>cognominatus</span> <span class='ocrx_word' id='word_1_104' title='bbox 1466 1996 1527 2072; x_wconf 89' lang='lat' dir='ltr'>est,</span> 
     </span>
     <span class='ocr_line' id='line_1_13' title="bbox 405 2083 1528 2183; baseline -0.001 -23"><span class='ocrx_word' id='word_1_105' title='bbox 405 2114 499 2161; x_wconf 91' lang='lat' dir='ltr'>annos</span> <span class='ocrx_word' id='word_1_106' title='bbox 515 2116 571 2162; x_wconf 92' lang='lat' dir='ltr'>xv.</span> <span class='ocrx_word' id='word_1_107' title='bbox 594 2100 664 2179; x_wconf 88' lang='lat' dir='ltr'>post</span> <span class='ocrx_word' id='word_1_108' title='bbox 678 2098 759 2162; x_wconf 93' lang='lat' dir='ltr'>huno</span> <span class='ocrx_word' id='word_1_109' title='bbox 773 2098 914 2163; x_wconf 83' lang='lat' dir='ltr'>Seleucus</span> <span class='ocrx_word' id='word_1_110' title='bbox 928 2099 1026 2176; x_wconf 90' lang='lat' dir='ltr'>filius,</span> <span class='ocrx_word' id='word_1_111' title='bbox 1049 2100 1227 2183; x_wconf 80' lang='lat' dir='ltr'>cognomine</span> <span class='ocrx_word' id='word_1_112' title='bbox 1242 2083 1418 2175; x_wconf 81' lang='lat' dir='ltr'>Callinicus,</span> <span class='ocrx_word' id='word_1_113' title='bbox 1434 2114 1528 2161; x_wconf 89' lang='lat' dir='ltr'>annos</span> 
     </span>
     <span class='ocr_line' id='line_1_14' title="bbox 404 2199 1557 2284; baseline 0.003 -21"><span class='ocrx_word' id='word_1_114' title='bbox 404 2218 501 2264; x_wconf 92' lang='lat' dir='ltr'>unum</span> <span class='ocrx_word' id='word_1_115' title='bbox 522 2202 553 2264; x_wconf 92' lang='lat' dir='ltr'>et</span> <span class='ocrx_word' id='word_1_116' title='bbox 573 2201 696 2284; x_wconf 86' lang='lat' dir='ltr'>uiginti.</span> <span class='ocrx_word' id='word_1_117' title='bbox 722 2201 797 2265; x_wconf 88' lang='lat' dir='ltr'>item</span> <span class='ocrx_word' id='word_1_118' title='bbox 813 2201 970 2278; x_wconf 82' lang='lat' dir='ltr'>Seleucus,</span> <span class='ocrx_word' id='word_1_119' title='bbox 994 2201 1076 2265; x_wconf 90' lang='lat' dir='ltr'>filius</span> <span class='ocrx_word' id='word_1_120' title='bbox 1092 2200 1246 2278; x_wconf 78' lang='lat' dir='ltr'>Callinici,</span> <span class='ocrx_word' id='word_1_121' title='bbox 1262 2218 1354 2264; x_wconf 89' lang='lat' dir='ltr'>annos</span> <span class='ocrx_word' id='word_1_122' title='bbox 1377 2203 1448 2264; x_wconf 85' lang='lat' dir='ltr'>tres.</span> <span class='ocrx_word' id='word_1_123' title='bbox 1472 2199 1557 2266; x_wconf 71' lang='lat' dir='ltr'>boot</span> 
     </span>
     <span class='ocr_line' id='line_1_15' title="bbox 370 2300 1528 2386; baseline -0.002 -20"><span class='ocrx_word' id='word_1_124' title='bbox 370 2318 393 2357; x_wconf 76' lang='lat'>1⁵</span> <span class='ocrx_word' id='word_1_125' title='bbox 404 2301 547 2366; x_wconf 89' lang='lat' dir='ltr'>defuncto</span> <span class='ocrx_word' id='word_1_126' title='bbox 572 2303 743 2368; x_wconf 91' lang='lat' dir='ltr'>Antiochus</span> <span class='ocrx_word' id='word_1_127' title='bbox 770 2303 865 2368; x_wconf 84' lang='lat' dir='ltr'>frater</span> <span class='ocrx_word' id='word_1_128' title='bbox 897 2302 1067 2386; x_wconf 89' lang='lat' dir='ltr'>[Callinici]</span> <span class='ocrx_word' id='word_1_129' title='bbox 1095 2303 1204 2368; x_wconf 88' lang='lat' dir='ltr'>Asiam</span> <span class='ocrx_word' id='word_1_130' title='bbox 1226 2304 1258 2366; x_wconf 94' lang='lat' dir='ltr'>et</span> <span class='ocrx_word' id='word_1_131' title='bbox 1279 2302 1400 2384; x_wconf 83' lang='lat' dir='ltr'>Syriam</span> <span class='ocrx_word' id='word_1_132' title='bbox 1427 2300 1528 2365; x_wconf 92' lang='lat' dir='ltr'>tenuit</span> 
     </span>
     <span class='ocr_line' id='line_1_16' title="bbox 404 2402 1526 2486; baseline -0.004 -17"><span class='ocrx_word' id='word_1_133' title='bbox 404 2422 498 2469; x_wconf 86' lang='lat' dir='ltr'>annos</span> <span class='ocrx_word' id='word_1_134' title='bbox 513 2424 563 2469; x_wconf 87' lang='lat' dir='ltr'>vu</span> <span class='ocrx_word' id='word_1_135' title='bbox 579 2407 610 2469; x_wconf 92' lang='lat' dir='ltr'>et</span> <span class='ocrx_word' id='word_1_136' title='bbox 624 2425 707 2470; x_wconf 91' lang='lat' dir='ltr'>xxx.</span> <span class='ocrx_word' id='word_1_137' title='bbox 724 2406 775 2469; x_wconf 92' lang='lat' dir='ltr'>hic</span> <span class='ocrx_word' id='word_1_138' title='bbox 786 2407 833 2469; x_wconf 91' lang='lat' dir='ltr'>est</span> <span class='ocrx_word' id='word_1_139' title='bbox 843 2405 1024 2483; x_wconf 88' lang='lat' dir='ltr'>Antiochus,</span> <span class='ocrx_word' id='word_1_140' title='bbox 1042 2406 1187 2470; x_wconf 88' lang='lat' dir='ltr'>aduersus</span> <span class='ocrx_word' id='word_1_141' title='bbox 1199 2424 1290 2486; x_wconf 92' lang='lat' dir='ltr'>quem</span> <span class='ocrx_word' id='word_1_142' title='bbox 1299 2404 1412 2468; x_wconf 91' lang='lat' dir='ltr'>Lucius</span> <span class='ocrx_word' id='word_1_143' title='bbox 1427 2402 1526 2485; x_wconf 89' lang='lat' dir='ltr'>Scipio</span> 
     </span>
     <span class='ocr_line' id='line_1_17' title="bbox 403 2506 1527 2589; baseline -0.001 -19"><span class='ocrx_word' id='word_1_144' title='bbox 403 2506 561 2571; x_wconf 87' lang='lat' dir='ltr'>Asiaticus</span> <span class='ocrx_word' id='word_1_145' title='bbox 590 2509 735 2573; x_wconf 88' lang='lat' dir='ltr'>bellauit:</span> <span class='ocrx_word' id='word_1_146' title='bbox 759 2527 817 2589; x_wconf 91' lang='lat' dir='ltr'>quo</span> <span class='ocrx_word' id='word_1_147' title='bbox 839 2509 919 2572; x_wconf 92' lang='lat' dir='ltr'>bello</span> <span class='ocrx_word' id='word_1_148' title='bbox 939 2509 1041 2573; x_wconf 85' lang='lat' dir='ltr'>uictus</span> <span class='ocrx_word' id='word_1_149' title='bbox 1062 2511 1093 2573; x_wconf 92' lang='lat' dir='ltr'>et</span> <span class='ocrx_word' id='word_1_150' title='bbox 1117 2508 1238 2589; x_wconf 92' lang='lat' dir='ltr'>imperii</span> <span class='ocrx_word' id='word_1_151' title='bbox 1264 2510 1351 2589; x_wconf 85' lang='lat' dir='ltr'>parte</span> <span class='ocrx_word' id='word_1_152' title='bbox 1375 2507 1527 2571; x_wconf 89' lang='lat' dir='ltr'>multatus</span> 
     </span>
     <span class='ocr_line' id='line_1_18' title="bbox 403 2608 1527 2691; baseline -0.002 -18"><span class='ocrx_word' id='word_1_153' title='bbox 403 2611 460 2674; x_wconf 89' lang='lat' dir='ltr'>est.</span> <span class='ocrx_word' id='word_1_154' title='bbox 483 2610 534 2674; x_wconf 92' lang='lat' dir='ltr'>hic</span> <span class='ocrx_word' id='word_1_155' title='bbox 556 2610 631 2675; x_wconf 92' lang='lat' dir='ltr'>duos</span> <span class='ocrx_word' id='word_1_156' title='bbox 653 2611 732 2675; x_wconf 90' lang='lat' dir='ltr'>filios</span> <span class='ocrx_word' id='word_1_157' title='bbox 747 2611 871 2690; x_wconf 90' lang='lat' dir='ltr'>habuit,</span> <span class='ocrx_word' id='word_1_158' title='bbox 892 2611 1052 2675; x_wconf 92' lang='lat' dir='ltr'>Seleucum</span> <span class='ocrx_word' id='word_1_159' title='bbox 1067 2614 1099 2676; x_wconf 89' lang='lat' dir='ltr'>et</span> <span class='ocrx_word' id='word_1_160' title='bbox 1113 2611 1317 2688; x_wconf 91' lang='lat' dir='ltr'>Antiochum,</span> <span class='ocrx_word' id='word_1_161' title='bbox 1340 2628 1430 2691; x_wconf 92' lang='lat' dir='ltr'>quem</span> <span class='ocrx_word' id='word_1_162' title='bbox 1444 2608 1527 2672; x_wconf 92' lang='lat' dir='ltr'>obsi-</span> 
     </span>
     <span class='ocr_line' id='line_1_19' title="bbox 405 2711 1555 2797; baseline -0.001 -22"><span class='ocrx_word' id='word_1_163' title='bbox 405 2712 475 2776; x_wconf 92' lang='lat' dir='ltr'>dem</span> <span class='ocrx_word' id='word_1_164' title='bbox 486 2712 633 2777; x_wconf 86' lang='lat' dir='ltr'>Romanis</span> <span class='ocrx_word' id='word_1_165' title='bbox 644 2714 777 2778; x_wconf 88' lang='lat' dir='ltr'>dederat.</span> <span class='ocrx_word' id='word_1_166' title='bbox 791 2714 836 2778; x_wconf 89' lang='lat' dir='ltr'>ita</span> <span class='ocrx_word' id='word_1_167' title='bbox 850 2713 1004 2778; x_wconf 91' lang='lat' dir='ltr'>Antiocho</span> <span class='ocrx_word' id='word_1_168' title='bbox 1024 2732 1135 2797; x_wconf 84' lang='lat' dir='ltr'>magno</span> <span class='ocrx_word' id='word_1_169' title='bbox 1147 2716 1267 2778; x_wconf 88' lang='lat' dir='ltr'>mortuo</span> <span class='ocrx_word' id='word_1_170' title='bbox 1288 2713 1429 2777; x_wconf 88' lang='lat' dir='ltr'>Seleucus</span> <span class='ocrx_word' id='word_1_171' title='bbox 1444 2711 1555 2784; x_wconf 86' lang='lat' dir='ltr'>filius5</span> 
     </span>
     <span class='ocr_line' id='line_1_20' title="bbox 368 2814 1527 2899; baseline 0.002 -24"><span class='ocrx_word' id='word_1_172' title='bbox 368 2830 393 2872; x_wconf 82' lang='lat' dir='ltr'>oo</span> <span class='ocrx_word' id='word_1_173' title='bbox 403 2814 469 2878; x_wconf 91' lang='lat' dir='ltr'>eius</span> <span class='ocrx_word' id='word_1_174' title='bbox 484 2817 559 2880; x_wconf 91' lang='lat' dir='ltr'>natu</span> <span class='ocrx_word' id='word_1_175' title='bbox 574 2816 671 2880; x_wconf 91' lang='lat' dir='ltr'>maior</span> <span class='ocrx_word' id='word_1_176' title='bbox 685 2835 814 2899; x_wconf 82' lang='lat' dir='ltr'>regnum</span> <span class='ocrx_word' id='word_1_177' title='bbox 829 2816 971 2898; x_wconf 89' lang='lat' dir='ltr'>indeptus</span> <span class='ocrx_word' id='word_1_178' title='bbox 987 2820 1049 2894; x_wconf 90' lang='lat' dir='ltr'>est,</span> <span class='ocrx_word' id='word_1_179' title='bbox 1071 2817 1127 2880; x_wconf 91' lang='lat' dir='ltr'>sub</span> <span class='ocrx_word' id='word_1_180' title='bbox 1142 2835 1201 2898; x_wconf 93' lang='lat' dir='ltr'>quo</span> <span class='ocrx_word' id='word_1_181' title='bbox 1216 2815 1327 2880; x_wconf 88' lang='lat' dir='ltr'>Oniam</span> <span class='ocrx_word' id='word_1_182' title='bbox 1341 2814 1527 2879; x_wconf 86' lang='lat' dir='ltr'>sacerdotem</span> 
     </span>
     <span class='ocr_line' id='line_1_21' title="bbox 403 2916 1526 2984; baseline -0.001 -2"><span class='ocrx_word' id='word_1_183' title='bbox 403 2936 421 2982; x_wconf 91' lang='lat' dir='ltr'>a</span> <span class='ocrx_word' id='word_1_184' title='bbox 436 2916 558 2981; x_wconf 86' lang='lat' dir='ltr'>Simone</span> <span class='ocrx_word' id='word_1_185' title='bbox 573 2918 788 2983; x_wconf 91' lang='lat' dir='ltr'>insimulatum</span> <span class='ocrx_word' id='word_1_186' title='bbox 803 2919 944 2983; x_wconf 89' lang='lat' dir='ltr'>diximus.</span> <span class='ocrx_word' id='word_1_187' title='bbox 963 2920 1031 2984; x_wconf 91' lang='lat' dir='ltr'>tum</span> <span class='ocrx_word' id='word_1_188' title='bbox 1042 2919 1214 2984; x_wconf 85' lang='lat' dir='ltr'>Antiochus</span> <span class='ocrx_word' id='word_1_189' title='bbox 1229 2918 1403 2984; x_wconf 78' lang='lat' dir='ltr'>allemanie</span> <span class='ocrx_word' id='word_1_190' title='bbox 1418 2917 1526 2982; x_wconf 88' lang='lat' dir='ltr'>dimis-</span> 
     </span>
     <span class='ocr_line' id='line_1_22' title="bbox 402 3020 1527 3105; baseline 0.001 -22"><span class='ocrx_word' id='word_1_191' title='bbox 402 3037 454 3084; x_wconf 91' lang='lat' dir='ltr'>sus</span> <span class='ocrx_word' id='word_1_192' title='bbox 476 3020 626 3102; x_wconf 90' lang='lat' dir='ltr'>datusque</span> <span class='ocrx_word' id='word_1_193' title='bbox 648 3021 680 3085; x_wconf 91' lang='lat' dir='ltr'>in</span> <span class='ocrx_word' id='word_1_194' title='bbox 701 3021 802 3086; x_wconf 90' lang='lat' dir='ltr'>locum</span> <span class='ocrx_word' id='word_1_195' title='bbox 822 3022 887 3086; x_wconf 92' lang='lat' dir='ltr'>eius</span> <span class='ocrx_word' id='word_1_196' title='bbox 908 3023 995 3086; x_wconf 88' lang='lat' dir='ltr'>obses</span> <span class='ocrx_word' id='word_1_197' title='bbox 1009 3023 1201 3100; x_wconf 89' lang='lat' dir='ltr'>Demetrius,</span> <span class='ocrx_word' id='word_1_198' title='bbox 1222 3021 1339 3087; x_wconf 88' lang='lat' dir='ltr'>Seleuci</span> <span class='ocrx_word' id='word_1_199' title='bbox 1357 3021 1452 3105; x_wconf 85' lang='lat' dir='ltr'>regie,</span> <span class='ocrx_word' id='word_1_200' title='bbox 1474 3020 1527 3102; x_wconf 93' lang='lat' dir='ltr'>qui</span> 
     </span>
     <span class='ocr_line' id='line_1_23' title="bbox 402 3123 1562 3206; baseline 0 -20"><span class='ocrx_word' id='word_1_201' title='bbox 402 3140 436 3186; x_wconf 95' lang='lat' dir='ltr'>eo</span> <span class='ocrx_word' id='word_1_202' title='bbox 456 3123 591 3204; x_wconf 91' lang='lat' dir='ltr'>tempore</span> <span class='ocrx_word' id='word_1_203' title='bbox 611 3124 773 3206; x_wconf 87' lang='lat' dir='ltr'>regnabat,</span> <span class='ocrx_word' id='word_1_204' title='bbox 800 3124 891 3188; x_wconf 91' lang='lat' dir='ltr'>filius.</span> <span class='ocrx_word' id='word_1_205' title='bbox 920 3123 1044 3189; x_wconf 88' lang='lat' dir='ltr'>Seleuco</span> <span class='ocrx_word' id='word_1_206' title='bbox 1066 3127 1185 3190; x_wconf 89' lang='lat' dir='ltr'>mortuo</span> <span class='ocrx_word' id='word_1_207' title='bbox 1207 3143 1283 3190; x_wconf 89' lang='lat' dir='ltr'>anno</span> <span class='ocrx_word' id='word_1_208' title='bbox 1303 3124 1425 3205; x_wconf 90' lang='lat' dir='ltr'>imperii</span> <span class='ocrx_word' id='word_1_209' title='bbox 1451 3124 1527 3187; x_wconf 92' lang='lat' dir='ltr'>duo·</span> <span class='ocrx_word' id='word_1_210' title='bbox 1560 3194 1562 3198; x_wconf 54' lang='grc'>,</span> 
     </span>
     <span class='ocr_line' id='line_1_24' title="bbox 402 3224 1556 3308; baseline 0.003 -21"><span class='ocrx_word' id='word_1_211' title='bbox 402 3224 521 3290; x_wconf 91' lang='lat' dir='ltr'>decimo</span> <span class='ocrx_word' id='word_1_212' title='bbox 535 3245 663 3308; x_wconf 88' lang='lat' dir='ltr'>regnum</span> <span class='ocrx_word' id='word_1_213' title='bbox 678 3225 773 3289; x_wconf 88' lang='lat' dir='ltr'>frater</span> <span class='ocrx_word' id='word_1_214' title='bbox 787 3226 974 3305; x_wconf 89' lang='lat' dir='ltr'>Antiochus,</span> <span class='ocrx_word' id='word_1_215' title='bbox 998 3227 1051 3308; x_wconf 93' lang='lat' dir='ltr'>qui</span> <span class='ocrx_word' id='word_1_216' title='bbox 1065 3227 1181 3291; x_wconf 88' lang='lat' dir='ltr'>Romae</span> <span class='ocrx_word' id='word_1_217' title='bbox 1195 3228 1281 3290; x_wconf 90' lang='lat' dir='ltr'>obses</span> <span class='ocrx_word' id='word_1_218' title='bbox 1302 3226 1416 3304; x_wconf 88' lang='lat' dir='ltr'>fueret,</span> <span class='ocrx_word' id='word_1_219' title='bbox 1438 3244 1526 3289; x_wconf 90' lang='lat' dir='ltr'>occu·</span> <span class='ocrx_word' id='word_1_220' title='bbox 1538 3239 1556 3291; x_wconf 85' lang='lat'>6</span> 
     </span>
     <span class='ocr_line' id='line_1_25' title="bbox 367 3327 1527 3411; baseline 0.007 -27"><span class='ocrx_word' id='word_1_221' title='bbox 367 3343 391 3384; x_wconf 81' lang='lat' dir='ltr'>a</span> <span class='ocrx_word' id='word_1_222' title='bbox 402 3327 499 3407; x_wconf 88' lang='lat' dir='ltr'>pauit.</span> <span class='ocrx_word' id='word_1_223' title='bbox 529 3327 556 3390; x_wconf 92' lang='lat' dir='ltr'>is</span> <span class='ocrx_word' id='word_1_224' title='bbox 578 3331 647 3408; x_wconf 92' lang='lat' dir='ltr'>post</span> <span class='ocrx_word' id='word_1_225' title='bbox 669 3328 909 3409; x_wconf 91' lang='lat' dir='ltr'>quinquennium</span> <span class='ocrx_word' id='word_1_226' title='bbox 932 3348 1024 3410; x_wconf 90' lang='lat' dir='ltr'>quam</span> <span class='ocrx_word' id='word_1_227' title='bbox 1047 3348 1172 3411; x_wconf 88' lang='lat' dir='ltr'>regnare</span> <span class='ocrx_word' id='word_1_228' title='bbox 1194 3330 1348 3409; x_wconf 86' lang='lat' dir='ltr'>coeperat,</span> <span class='ocrx_word' id='word_1_229' title='bbox 1377 3329 1527 3410; x_wconf 91' lang='lat' dir='ltr'>utsupra</span> 
     </span>
     <span class='ocr_line' id='line_1_26' title="bbox 330 3429 1526 3513; baseline 0.001 -21"><span class='ocrx_word' id='word_1_230' title='bbox 330 3488 337 3506; x_wconf 84' lang='grc'><strong><em>,</em></strong></span> <span class='ocrx_word' id='word_1_231' title='bbox 402 3429 570 3506; x_wconf 87' lang='lat' dir='ltr'>docuimus,</span> <span class='ocrx_word' id='word_1_232' title='bbox 587 3430 832 3512; x_wconf 78' lang='lat' dir='ltr'>Hierosolymam</span> <span class='ocrx_word' id='word_1_233' title='bbox 847 3430 1049 3511; x_wconf 91' lang='lat' dir='ltr'>depopulatus</span> <span class='ocrx_word' id='word_1_234' title='bbox 1064 3431 1119 3494; x_wconf 92' lang='lat' dir='ltr'>est.</span> <span class='ocrx_word' id='word_1_235' title='bbox 1143 3430 1257 3494; x_wconf 90' lang='lat' dir='ltr'>etenim</span> <span class='ocrx_word' id='word_1_236' title='bbox 1273 3448 1367 3513; x_wconf 88' lang='lat' dir='ltr'>graue</span> <span class='ocrx_word' id='word_1_237' title='bbox 1381 3429 1526 3494; x_wconf 87' lang='lat' dir='ltr'>Romanis</span> 
     </span>
     <span class='ocr_line' id='line_1_27' title="bbox 402 3531 1526 3615; baseline 0.002 -22"><span class='ocrx_word' id='word_1_238' title='bbox 402 3531 590 3612; x_wconf 90' lang='lat' dir='ltr'>stipendium</span> <span class='ocrx_word' id='word_1_239' title='bbox 609 3533 765 3612; x_wconf 87' lang='lat' dir='ltr'>pensitans</span> <span class='ocrx_word' id='word_1_240' title='bbox 792 3532 856 3613; x_wconf 91' lang='lat' dir='ltr'>ipse</span> <span class='ocrx_word' id='word_1_241' title='bbox 879 3533 1024 3596; x_wconf 91' lang='lat' dir='ltr'>inmensis</span> <span class='ocrx_word' id='word_1_242' title='bbox 1045 3533 1220 3614; x_wconf 85' lang='lat' dir='ltr'>sumptibus</span> <span class='ocrx_word' id='word_1_243' title='bbox 1240 3551 1334 3615; x_wconf 85' lang='lat' dir='ltr'>paene</span> <span class='ocrx_word' id='word_1_244' title='bbox 1359 3532 1526 3597; x_wconf 92' lang='lat' dir='ltr'>necessario</span> 
     </span>
     <span class='ocr_line' id='line_1_28' title="bbox 402 3634 1526 3718; baseline 0.004 -22"><span class='ocrx_word' id='word_1_245' title='bbox 402 3634 567 3716; x_wconf 85' lang='lat' dir='ltr'>cogebatur</span> <span class='ocrx_word' id='word_1_246' title='bbox 586 3635 729 3717; x_wconf 89' lang='lat' dir='ltr'>pecunias</span> <span class='ocrx_word' id='word_1_247' title='bbox 749 3637 837 3717; x_wconf 89' lang='lat' dir='ltr'>rapto</span> <span class='ocrx_word' id='word_1_248' title='bbox 858 3654 1000 3717; x_wconf 91' lang='lat' dir='ltr'>quaerere</span> <span class='ocrx_word' id='word_1_249' title='bbox 1021 3654 1116 3717; x_wconf 91' lang='lat' dir='ltr'>neque</span> <span class='ocrx_word' id='word_1_250' title='bbox 1142 3636 1240 3700; x_wconf 89' lang='lat' dir='ltr'>ullam</span> <span class='ocrx_word' id='word_1_251' title='bbox 1259 3635 1426 3718; x_wconf 90' lang='lat' dir='ltr'>praedandi</span> <span class='ocrx_word' id='word_1_252' title='bbox 1440 3653 1526 3700; x_wconf 89' lang='lat' dir='ltr'>occa-</span> 
     </span>
     <span class='ocr_line' id='line_1_29' title="bbox 401 3735 1560 3821; baseline 0.008 -23"><span class='ocrx_word' id='word_1_253' title='bbox 401 3735 516 3799; x_wconf 89' lang='lat' dir='ltr'>sionem</span> <span class='ocrx_word' id='word_1_254' title='bbox 531 3737 681 3801; x_wconf 88' lang='lat' dir='ltr'>omittere.</span> <span class='ocrx_word' id='word_1_255' title='bbox 699 3739 768 3819; x_wconf 92' lang='lat' dir='ltr'>post</span> <span class='ocrx_word' id='word_1_256' title='bbox 782 3737 940 3802; x_wconf 90' lang='lat' dir='ltr'>biennium</span> <span class='ocrx_word' id='word_1_257' title='bbox 956 3738 1074 3816; x_wconf 90' lang='lat' dir='ltr'>deinde,</span> <span class='ocrx_word' id='word_1_258' title='bbox 1090 3739 1157 3821; x_wconf 89' lang='lat' dir='ltr'>pari</span> <span class='ocrx_word' id='word_1_259' title='bbox 1171 3756 1294 3802; x_wconf 90' lang='lat' dir='ltr'>rursum</span> <span class='ocrx_word' id='word_1_260' title='bbox 1309 3738 1396 3802; x_wconf 92' lang='lat' dir='ltr'>clade</span> <span class='ocrx_word' id='word_1_261' title='bbox 1408 3738 1525 3803; x_wconf 88' lang='lat' dir='ltr'>affectis</span> <span class='ocrx_word' id='word_1_262' title='bbox 1538 3753 1560 3807; x_wconf 73' lang='lat'>7.</span> 
     </span>
     <span class='ocr_line' id='line_1_30' title="bbox 366 3838 1525 3923; baseline 0.003 -22"><span class='ocrx_word' id='word_1_263' title='bbox 366 3838 537 3915; x_wconf 79' lang='lat' dir='ltr'>3⁰Iudaeis,</span> <span class='ocrx_word' id='word_1_264' title='bbox 560 3839 696 3903; x_wconf 86' lang='lat' dir='ltr'>neforto</span> <span class='ocrx_word' id='word_1_265' title='bbox 717 3839 927 3921; x_wconf 89' lang='lat' dir='ltr'>frequentibus</span> <span class='ocrx_word' id='word_1_266' title='bbox 948 3841 1040 3905; x_wconf 90' lang='lat' dir='ltr'>malis</span> <span class='ocrx_word' id='word_1_267' title='bbox 1062 3841 1211 3923; x_wconf 88' lang='lat' dir='ltr'>compulsi</span> <span class='ocrx_word' id='word_1_268' title='bbox 1231 3840 1347 3905; x_wconf 92' lang='lat' dir='ltr'>bellum</span> <span class='ocrx_word' id='word_1_269' title='bbox 1362 3842 1525 3918; x_wconf 88' lang='lat' dir='ltr'>sumerent,</span> 
     </span>
    </p>
   </div>
   <div class='ocr_carea' id='block_1_4' title="bbox 397 4073 1526 4726">
    <p class='ocr_par' dir='ltr' id='par_1_4' title="bbox 397 4073 1526 4726">
     <span class='ocr_line' id='line_1_31' title="bbox 452 4073 1523 4146; baseline 0.001 -17"><span class='ocrx_word' id='word_1_270' title='bbox 452 4073 467 4129; x_wconf 93' lang='lat'>1</span> <span class='ocrx_word' id='word_1_271' title='bbox 481 4091 515 4127; x_wconf 91' lang='lat' dir='ltr'>m.</span> <span class='ocrx_word' id='word_1_272' title='bbox 526 4075 603 4128; x_wconf 91' lang='lat' dir='ltr'>caede</span> <span class='ocrx_word' id='word_1_273' title='bbox 613 4075 705 4128; x_wconf 89' lang='lat' dir='ltr'>urbem</span> <span class='ocrx_word' id='word_1_274' title='bbox 716 4077 836 4130; x_wconf 89' lang='lat' dir='ltr'>uastauit</span> <span class='ocrx_word' id='word_1_275' title='bbox 845 4078 913 4131; x_wconf 80' lang='lat' dir='ltr'>coci.</span> <span class='ocrx_word' id='word_1_276' title='bbox 922 4077 1052 4146; x_wconf 80' lang='lat' dir='ltr'>Sipoao&#39;as</span> <span class='ocrx_word' id='word_1_277' title='bbox 1057 4078 1239 4146; x_wconf 81' lang='lat' dir='ltr'>probabiliter</span> <span class='ocrx_word' id='word_1_278' title='bbox 1282 4078 1363 4134; x_wconf 80' lang='lat' dir='ltr'>2uno</span> <span class='ocrx_word' id='word_1_279' title='bbox 1372 4080 1401 4132; x_wconf 89' lang='lat' dir='ltr'>b:</span> <span class='ocrx_word' id='word_1_280' title='bbox 1416 4079 1469 4131; x_wconf 92' lang='lat' dir='ltr'>imo</span> <span class='ocrx_word' id='word_1_281' title='bbox 1481 4078 1510 4130; x_wconf 90' lang='lat' dir='ltr'><em>P</em></span> <span class='ocrx_word' id='word_1_282' title='bbox 1513 4097 1523 4143; x_wconf 90' lang='lat'><em>;</em></span> 
     </span>
     <span class='ocr_line' id='line_1_32' title="bbox 400 4160 1523 4232; baseline 0.007 -21"><span class='ocrx_word' id='word_1_283' title='bbox 400 4160 491 4212; x_wconf 81' lang='grc'><strong>111111</strong></span> <span class='ocrx_word' id='word_1_284' title='bbox 503 4161 651 4214; x_wconf 75' lang='lat' dir='ltr'>uerisimile</span> <span class='ocrx_word' id='word_1_285' title='bbox 662 4166 701 4214; x_wconf 85' lang='grc'>111</span> <span class='ocrx_word' id='word_1_286' title='bbox 713 4161 766 4213; x_wconf 92' lang='lat' dir='ltr'>imo</span> <span class='ocrx_word' id='word_1_287' title='bbox 779 4178 812 4214; x_wconf 87' lang='lat' dir='ltr'>eoo</span> <span class='ocrx_word' id='word_1_288' title='bbox 825 4162 1012 4230; x_wconf 77' lang='lat' dir='ltr'>ditteqrapbo&#39;o</span> <span class='ocrx_word' id='word_1_289' title='bbox 1028 4169 1118 4216; x_wconf 79' lang='lat' dir='ltr'>ortum</span> <span class='ocrx_word' id='word_1_290' title='bbox 1135 4179 1189 4216; x_wconf 85' lang='grc'><strong>1111</strong></span> <span class='ocrx_word' id='word_1_291' title='bbox 1194 4205 1202 4231; x_wconf 84' lang='lat'>,</span> <span class='ocrx_word' id='word_1_292' title='bbox 1221 4164 1308 4232; x_wconf 71' lang='lat' dir='ltr'>cflldc</span> <span class='ocrx_word' id='word_1_293' title='bbox 1320 4166 1408 4218; x_wconf 83' lang='lat' dir='ltr'>Proto</span> <span class='ocrx_word' id='word_1_294' title='bbox 1420 4164 1457 4216; x_wconf 83' lang='lat' dir='ltr'>od</span> <span class='ocrx_word' id='word_1_295' title='bbox 1469 4165 1492 4216; x_wconf 85' lang='lat' dir='ltr'>b.</span> <span class='ocrx_word' id='word_1_296' title='bbox 1506 4163 1523 4218; x_wconf 84' lang='grc'>1.</span> 
     </span>
     <span class='ocr_line' id='line_1_33' title="bbox 401 4243 1526 4317; baseline 0.004 -21"><span class='ocrx_word' id='word_1_297' title='bbox 401 4243 434 4296; x_wconf 85' lang='lat' dir='ltr'>de</span> <span class='ocrx_word' id='word_1_298' title='bbox 456 4245 631 4314; x_wconf 74' lang='lat' dir='ltr'>chronolope&#39;o</span> <span class='ocrx_word' id='word_1_299' title='bbox 693 4245 1071 4301; x_wconf 77' lang='grc' dir='ltr'><strong>7111111111Ρ111111111111</strong></span> <span class='ocrx_word' id='word_1_300' title='bbox 1138 4250 1174 4305; x_wconf 80' lang='lat'>12</span> <span class='ocrx_word' id='word_1_301' title='bbox 1193 4250 1239 4317; x_wconf 89' lang='lat' dir='ltr'>qui</span> <span class='ocrx_word' id='word_1_302' title='bbox 1263 4252 1291 4302; x_wconf 91' lang='lat' dir='ltr'>et</span> <span class='ocrx_word' id='word_1_303' title='bbox 1313 4250 1392 4303; x_wconf 91' lang='lat' dir='ltr'>theus</span> <span class='ocrx_word' id='word_1_304' title='bbox 1416 4251 1455 4303; x_wconf 90' lang='lat' dir='ltr'>P:</span> <span class='ocrx_word' id='word_1_305' title='bbox 1478 4248 1526 4315; x_wconf 91' lang='lat' dir='ltr'>qui</span> 
     </span>
     <span class='ocr_line' id='line_1_34' title="bbox 398 4329 1525 4390; baseline 0.003 -8"><span class='ocrx_word' id='word_1_306' title='bbox 398 4329 564 4382; x_wconf 86' lang='lat' dir='ltr'>Ettbaeusb</span> <span class='ocrx_word' id='word_1_307' title='bbox 636 4331 672 4388; x_wconf 83' lang='lat'>15</span> <span class='ocrx_word' id='word_1_308' title='bbox 691 4330 816 4385; x_wconf 83' lang='lat' dir='ltr'>Callinici</span> <span class='ocrx_word' id='word_1_309' title='bbox 837 4332 982 4386; x_wconf 77' lang='lat' dir='ltr'>delendam</span> <span class='ocrx_word' id='word_1_310' title='bbox 1002 4349 1057 4386; x_wconf 86' lang='lat' dir='ltr'>esse</span> <span class='ocrx_word' id='word_1_311' title='bbox 1076 4334 1150 4388; x_wconf 80' lang='lat' dir='ltr'>ecidit</span> <span class='ocrx_word' id='word_1_312' title='bbox 1170 4335 1203 4387; x_wconf 85' lang='lat' dir='ltr'>dc</span> <span class='ocrx_word' id='word_1_313' title='bbox 1224 4336 1312 4389; x_wconf 86' lang='lat' dir='ltr'>Proto</span> <span class='ocrx_word' id='word_1_314' title='bbox 1373 4335 1409 4390; x_wconf 90' lang='lat'>16</span> <span class='ocrx_word' id='word_1_315' title='bbox 1427 4335 1525 4387; x_wconf 90' lang='lat' dir='ltr'>Lucins</span> 
     </span>
     <span class='ocr_line' id='line_1_35' title="bbox 400 4413 1525 4488; baseline 0.004 -21"><span class='ocrx_word' id='word_1_316' title='bbox 400 4413 487 4483; x_wconf 90' lang='lat' dir='ltr'>Scipio</span> <span class='ocrx_word' id='word_1_317' title='bbox 505 4431 567 4468; x_wconf 81' lang='lat' dir='ltr'>aee:</span> <span class='ocrx_word' id='word_1_318' title='bbox 594 4418 625 4468; x_wconf 95' lang='lat' dir='ltr'>ut</span> <span class='ocrx_word' id='word_1_319' title='bbox 643 4417 758 4485; x_wconf 91' lang='lat' dir='ltr'>suscipio</span> <span class='ocrx_word' id='word_1_320' title='bbox 776 4419 814 4481; x_wconf 92' lang='lat' dir='ltr'>P,</span> <span class='ocrx_word' id='word_1_321' title='bbox 834 4417 921 4486; x_wconf 88' lang='lat' dir='ltr'>Scipio</span> <span class='ocrx_word' id='word_1_322' title='bbox 945 4419 959 4470; x_wconf 93' lang='lat' dir='ltr'>b</span> <span class='ocrx_word' id='word_1_323' title='bbox 1038 4419 1074 4474; x_wconf 83' lang='lat'>17</span> <span class='ocrx_word' id='word_1_324' title='bbox 1092 4419 1228 4473; x_wconf 90' lang='lat' dir='ltr'>Asiaticus</span> <span class='ocrx_word' id='word_1_325' title='bbox 1246 4421 1280 4474; x_wconf 84' lang='lat' dir='ltr'>de</span> <span class='ocrx_word' id='word_1_326' title='bbox 1297 4421 1397 4474; x_wconf 80' lang='lat' dir='ltr'>Proto:</span> <span class='ocrx_word' id='word_1_327' title='bbox 1425 4435 1525 4488; x_wconf 85' lang='lat' dir='ltr'>asyana</span> 
     </span>
     <span class='ocr_line' id='line_1_36' title="bbox 399 4500 1523 4569; baseline 0.004 -17"><span class='ocrx_word' id='word_1_328' title='bbox 399 4516 463 4568; x_wconf 86' lang='lat' dir='ltr'>gens</span> <span class='ocrx_word' id='word_1_329' title='bbox 482 4500 520 4564; x_wconf 95' lang='lat' dir='ltr'>P,</span> <span class='ocrx_word' id='word_1_330' title='bbox 538 4500 658 4554; x_wconf 81' lang='lat' dir='ltr'>Africani</span> <span class='ocrx_word' id='word_1_331' title='bbox 675 4503 792 4556; x_wconf 81' lang='lat' dir='ltr'>t&#39;raterb</span> <span class='ocrx_word' id='word_1_332' title='bbox 856 4503 892 4558; x_wconf 82' lang='lat'>19</span> <span class='ocrx_word' id='word_1_333' title='bbox 911 4504 968 4556; x_wconf 88' lang='lat' dir='ltr'>eius</span> <span class='ocrx_word' id='word_1_334' title='bbox 985 4503 1089 4558; x_wconf 89' lang='lat' dir='ltr'>filiusb</span> <span class='ocrx_word' id='word_1_335' title='bbox 1151 4504 1523 4569; x_wconf 62' lang='lat' dir='ltr'>cendemnatos</span> 
     </span>
     <span class='ocr_line' id='line_1_37' title="bbox 398 4586 1523 4660; baseline 0.004 -23"><span class='ocrx_word' id='word_1_336' title='bbox 398 4586 498 4638; x_wconf 81' lang='lat' dir='ltr'>Proto:</span> <span class='ocrx_word' id='word_1_337' title='bbox 517 4587 629 4640; x_wconf 90' lang='lat' dir='ltr'>minorb</span> <span class='ocrx_word' id='word_1_338' title='bbox 652 4589 663 4655; x_wconf 90' lang='grc' dir='ltr'>ΙΙ</span> <span class='ocrx_word' id='word_1_339' title='bbox 687 4587 825 4656; x_wconf 89' lang='lat' dir='ltr'>adeptusb</span> <span class='ocrx_word' id='word_1_340' title='bbox 849 4589 861 4656; x_wconf 85' lang='grc' dir='ltr'>ΙΙ</span> <span class='ocrx_word' id='word_1_341' title='bbox 884 4591 1011 4643; x_wconf 90' lang='lat' dir='ltr'>omamP</span> <span class='ocrx_word' id='word_1_342' title='bbox 1062 4590 1270 4660; x_wconf 70' lang='lat' dir='ltr'>eleymonos&gt;</span> <span class='ocrx_word' id='word_1_343' title='bbox 1322 4588 1523 4658; x_wconf 72' lang='lat' dir='ltr'>assumptibus</span> 
     </span>
     <span class='ocr_line' id='line_1_38' title="bbox 397 4669 731 4726; baseline 0.015 -4"><span class='ocrx_word' id='word_1_344' title='bbox 397 4669 503 4723; x_wconf 89' lang='lat' dir='ltr'>deditus</span> <span class='ocrx_word' id='word_1_345' title='bbox 515 4673 583 4725; x_wconf 81' lang='lat' dir='ltr'>odat.</span> <span class='ocrx_word' id='word_1_346' title='bbox 598 4672 631 4726; x_wconf 85' lang='lat' dir='ltr'>de</span> <span class='ocrx_word' id='word_1_347' title='bbox 643 4674 731 4726; x_wconf 83' lang='lat' dir='ltr'>Proto</span> 
     </span>
    </p>
   </div>
   <div class='ocr_carea' id='block_1_5' title="bbox 0 0 1922 5634">
    <p class='ocr_par' dir='ltr' id='par_1_5' title="bbox 0 0 1922 5634">
     <span class='ocr_line' id='line_1_39' title="bbox 0 0 1922 5634; baseline 0 8"><span class='ocrx_word' id='word_1_348' title='bbox 0 0 1922 5634; x_wconf 95' lang='lat' dir='ltr'> </span> 
     </span>
    </p>
   </div>
  </div>
 </body>
</html>
