3834 5634
415 723 458 788 66
831 719 978 790 Sulpicii
995 719 1112 774 Seueri

415 877 591 942 istiusmodi
611 876 816 941 matrimoniis
838 896 874 941 11
895 876 976 940 filios
998 895 1034 941 ex
1054 875 1104 941 his
1126 877 1281 960 susceptos
1303 875 1424 941 extrudi
1439 875 1537 954 iubet,

415 997 578 1061 omnesque
589 980 670 1044 dicto
680 997 813 1060 paruere.
825 980 975 1062 purgatus
986 979 1116 1061 populus
1126 979 1239 1043 ueteris
1249 979 1328 1062 legis
1338 979 1403 1043 ritu
1414 978 1536 1061 agebat.

388 1084 551 1147 boetemm
565 1083 696 1147 Esdram
709 1082 788 1145 nihil
803 1100 892 1164 super
906 1081 1067 1147 reficienda
1077 1081 1152 1145 urbe
1164 1082 1262 1165 egisse
1277 1081 1437 1163 comperio,
1449 1081 1538 1146 oredo

416 1185 565 1267 potiorem
580 1203 685 1249 curam
699 1186 784 1249 ratus
799 1184 919 1267 plebem
934 1184 1084 1265 corruptis
1098 1184 1234 1248 moribus
1248 1183 1422 1248 reformare.

368 1276 404 1339 ll
459 1289 535 1352 Erat
573 1305 609 1351 11
644 1288 828 1369 tempestate
870 1287 951 1368 apud
987 1286 1191 1369 Babyloniam
1226 1286 1369 1352 Neemias
1396 1285 1540 1351 minister
1561 1301 1573 1340 ⁵

416 1389 534 1473 regius,
558 1390 648 1473 gente
663 1389 808 1467 Iudaeus,
825 1388 984 1453 Artaxersi
999 1389 1109 1453 merito
1124 1389 1337 1470 obsequiorum
1352 1388 1538 1453 carissimus.

388 1492 444 1556 tis
458 1493 586 1556 Iudaeos
601 1494 805 1573 percontatus,
821 1492 890 1572 quis
903 1492 1048 1574 paternae
1062 1491 1148 1556 urbis
1163 1493 1263 1556 status
1278 1493 1371 1570 esset,
1387 1491 1441 1556 ubi
1456 1508 1540 1555 oom-

416 1595 497 1678 perit
518 1594 551 1658 in
571 1594 670 1659 isdem
691 1595 787 1659 ruinis
809 1594 907 1659 iacere
928 1595 1077 1675 patriam,
1100 1594 1175 1658 totis
1190 1594 1327 1659 sensibus
1341 1593 1541 1658 conmeatus

418 1716 488 1761 cum
503 1697 622 1780 gemitu
636 1697 803 1779 multisque
818 1697 954 1761 lacrimis
968 1714 1070 1761 orasse
1084 1698 1124 1761 ad
1138 1697 1236 1761 Deum
1260 1697 1404 1774 traditur,
1427 1695 1542 1760 delicta

389 1800 518 1884 3geutis
539 1817 611 1863 suae
632 1802 791 1880 reputans,
814 1799 1055 1864 miserioordiam
1077 1799 1214 1864 diuinam
1236 1798 1419 1882 efflagitans.
1442 1798 1542 1881 igitur
1550 1813 1576 1853 10

418 1921 489 1966 oum
510 1919 580 1965 eum
602 1919 654 1964 rex
675 1901 755 1965 inter
777 1902 881 1982 epulas
903 1901 1056 1965 maestum
1084 1904 1170 1966 extra
1197 1902 1323 1966 solitum
1345 1901 1542 1966 animaduer-

417 2004 522 2082 tisset,
544 2003 684 2086 poposcit
706 2004 744 2068 ab
767 2022 801 2068 eo
829 2022 953 2068 causam
981 2003 1121 2068 dolorum
1142 2006 1178 2068 ut
1200 2006 1367 2086 exponeret.
1396 2005 1466 2068 tum
1487 2003 1542 2066 ille

418 2106 546 2171 aduersa
559 2105 660 2189 gentis
672 2124 744 2170 suae
755 2106 918 2171 struinam
930 2106 1068 2170 ciuitatis
1080 2106 1197 2184 deflere,
1211 2125 1288 2188 quae
1302 2107 1365 2171 iam
1379 2124 1433 2188 per
1447 2123 1542 2170 annos

417 2207 482 2273 fere
501 2209 645 2273 ducentos
666 2210 697 2273 11
717 2208 941 2292 quinquaginta
954 2209 1018 2272 solo
1033 2210 1141 2286 strata,
1153 2210 1305 2274 malorum
1319 2208 1542 2286 testimonium,

418 2311 626 2394 spectaculum
641 2311 775 2376 inimicis
789 2297 961 2393 praeberet:
984 2312 1071 2376 daret
1092 2312 1152 2376 sibi
1174 2312 1265 2376 eundi
1286 2314 1317 2376 et
1336 2312 1543 2376 restituendae
1552 2326 1576 2366 1⁵

389 2414 484 2484 4eius
504 2413 698 2496 potestatem.
727 2414 831 2495 paruit
852 2414 985 2495 rexpiis
1006 2414 1161 2496 precibus,
1189 2414 1357 2496 statimque
1379 2433 1450 2478 eum
1472 2432 1543 2477 cum

417 2517 569 2599 praesidio
584 2517 733 2598 equitum,
755 2535 814 2598 quo
828 2517 927 2581 tutius
941 2517 1002 2582 iter
1016 2519 1130 2600 ageret,
1152 2517 1281 2595 dimisit,
1304 2517 1386 2582 datis
1401 2517 1440 2580 ad
1454 2534 1543 2597 prae-

417 2620 499 2684 tores
521 2619 663 2702 epistulis
684 2621 720 2683 ut
746 2620 915 2684 necessaria
941 2620 1128 2702 praeberent.
1156 2620 1184 2683 is
1206 2638 1276 2684 oum
1297 2619 1544 2701 Hierosolymam

418 2721 614 2803 peruenisset,
627 2721 749 2784 uiritim
764 2721 874 2802 populo
889 2739 965 2803 opus
975 2721 1060 2785 urbis
1076 2721 1245 2800 distribuit,
1257 2723 1289 2785 et
1303 2721 1445 2786 certatim
1459 2721 1545 2786 iussa

419 2841 523 2888 omnes
539 2822 695 2886 curabant.
718 2823 841 2903 iamque
856 2825 895 2886 ad
909 2823 1046 2887 medium
1060 2825 1220 2888 machinae
1234 2825 1449 2906 processerant,
1473 2843 1579 2889 cumso

391 2925 569 3008 sdagrante
590 2924 708 2988 inuidia
730 2924 870 3007 gentium
891 2925 1012 2989 uicinae
1033 2926 1123 2990 urbes
1144 2927 1318 3009 conspirant
1337 2945 1428 3008 opera
1447 2926 1545 2991 inter·

419 3045 559 3108 rumpere
574 3027 760 3107 Iudaeosque
775 3027 814 3090 ab
830 3026 1015 3092 aedificando
1030 3028 1188 3093 deterrere.
1205 3031 1257 3093 sed
1273 3028 1425 3106 Neemias,
1441 3030 1544 3110 dispo·

419 3129 490 3193 sitis
505 3129 668 3194 aduersum
683 3129 871 3193 incursantes
886 3130 1062 3211 praesidiis,
1085 3131 1165 3195 nihil
1184 3132 1311 3196 territus
1326 3133 1432 3213 coepta
1447 3131 1544 3213 expli-

421 3231 500 3296 cuit:
527 3233 796 3312 consummatoque
824 3251 913 3295 moro
941 3234 973 3296 et
998 3233 1099 3297 ualuis
1123 3237 1282 3315 portarum
1306 3233 1465 3317 perfectis,
1490 3253 1546 3316 per

419 3333 556 3400 familias
582 3335 790 3399 construendis
821 3334 949 3398 interius
985 3336 1126 3400 domibus
1162 3336 1269 3401 urbem
1305 3336 1460 3402 dimensus
1488 3338 1579 3401 osas

420 3437 597 3518 censuitque
619 3437 765 3519 populum
790 3437 917 3501 minime
940 3438 1010 3502 urbi
1035 3457 1155 3521 parem,
1181 3457 1278 3520 neque
1303 3441 1385 3504 enim
1410 3440 1545 3522 amplius

421 3559 515 3621 quam
527 3540 566 3603 ad
577 3539 799 3622 quinquaginta
810 3540 899 3604 milia
907 3541 1072 3623 promiscui
1084 3559 1171 3605 serus
1183 3542 1274 3622 atque
1283 3543 1397 3606 ordinis
1409 3545 1544 3625 reperta:

394 3643 544 3706 stantum
567 3661 602 3705 er
623 3641 677 3703 illo
700 3642 852 3721 quondam
874 3642 991 3706 inmani
1013 3663 1137 3707 numero
1160 3644 1369 3725 frequentibus
1384 3645 1474 3709 bellis
1489 3647 1546 3710 ab·

423 3745 582 3826 sumptum
604 3744 659 3807 aut
681 3743 861 3824 captiuitate
883 3745 1049 3809 detentum.
1073 3765 1145 3809 nam
1167 3746 1240 3810 olim
1263 3747 1320 3811 hae
1342 3748 1420 3812 duae
1433 3749 1544 3826 tribus,

422 3865 553 3927 quarum
574 3844 631 3909 hoc
652 3845 807 3909 residuum
823 3845 893 3924 fuit,
917 3865 987 3911 oum
1009 3847 1047 3912 ab
1069 3848 1118 3911 his
1141 3849 1244 3914 decem
1266 3850 1366 3914 tribus
1389 3852 1546 3932 separatae
1555 3880 1581 3920 ao

423 3950 510 4026 sunt,
534 3965 595 4012 111
611 3949 642 4011 11
656 3966 706 4010 xx
720 3947 809 4011 milia
831 3948 968 4013 uirorum
990 3953 1192 4015 armauerant.
1217 3953 1314 4017 aDeo
1329 3953 1366 4015 ob
1385 3955 1546 4034 peccatum

529 4150 567 4206 10
583 4150 649 4203 Neh.
670 4151 695 4205 2.
731 4150 770 4206 20
787 4151 854 4204 11111.
874 4151 892 4208 3
910 4168 966 4219 sqq.

477 4338 495 4393 2
513 4337 569 4390 ritu
587 4337 620 4390 de
637 4339 736 4390 Proto:
755 4337 811 4390 ritir
829 4340 871 4391 Pb
935 4340 952 4398 5
971 4340 1114 4394 Nchemias
1132 4342 1255 4395 Droso‘os
1324 4344 1341 4398 6
1360 4344 1502 4396 artarxersi
1521 4345 1548 4399 P

478 4423 516 4479 10
532 4423 818 4491 misericordiamqueb
867 4425 903 4480 14
915 4428 943 4479 et
955 4427 1093 4496 sexaginta
1106 4428 1235 4496 Sipona'os
1282 4428 1320 4484 20
1333 4445 1391 4482 cum
1403 4429 1547 4500 flagrante]

424 4509 603 4576 conflagrante
621 4508 649 4560 P
718 4508 1353 4581 2211111111111111111111111111111
1415 4515 1547 4570 24111111

427 4594 556 4662 aquosos
566 4592 683 4661 addidit,
691 4595 779 4660 possis
789 4595 869 4649 ctiam
877 4611 953 4664 opere
1001 4597 1546 4656 1511111111(1111111111111111111

426 4678 553 4731 dimissus
565 4678 592 4731 P
643 4678 679 4733 31
698 4693 791 4732 cuxxx
804 4679 932 4749 Stqoaias
954 4683 967 4749 ΙΙ
991 4683 1073 4735 aDeo
1085 4682 1118 4735 dc
1130 4683 1230 4736 Proto:
1249 4685 1311 4737 adeo
1324 4685 1383 4738 edd.
1393 4687 1505 4752 priores
