3834 5634
411 728 477 795 214
837 725 986 794 Sulpicii
1004 724 1121 779 Seueri

410 883 501 961 dum,
524 900 610 947 meus
625 880 778 946 subesset:
800 881 1003 945 trementibus
1018 880 1109 945 labiis
1123 880 1299 961 incertoque
1314 878 1405 943 uultu
1419 877 1540 942 decolor

409 1005 481 1069 prae
496 986 596 1050 furore
611 984 732 1049 rotabat
746 983 843 1066 nerbas
858 984 990 1065 peccati,
1013 1002 1046 1048 66
1060 1001 1196 1047 asserens
1211 982 1408 1060 sanctiorem,
1430 980 1543 1062 quippe

411 1089 464 1172 qui
485 1109 504 1154 a
523 1088 632 1171 primis
648 1088 735 1152 anuis
750 1087 782 1152 iu
796 1086 981 1152 monasterio
996 1087 1076 1151 iuter
1091 1105 1190 1151 sacras
1206 1086 1349 1150 ecelesiae
1363 1083 1541 1164 disciplinas

410 1192 476 1274 ipso
491 1190 624 1256 Maltino
639 1190 786 1254 educante
802 1189 962 1254 creuisset:
986 1190 1156 1254 Martinum
1182 1208 1253 1253 uero
1280 1190 1312 1253 et
1337 1207 1356 1252 a
1381 1187 1541 1269 principio,

411 1295 492 1377 quod
505 1295 571 1376 ipse
586 1293 712 1359 diffiteri
727 1311 787 1358 nou
801 1294 917 1375 posset,
940 1292 1073 1357 militiae
1087 1293 1207 1358 actibus
1222 1292 1389 1369 sorduisse,
1412 1291 1444 1355 et
1464 1308 1543 1354 nuuc
1564 1312 1576 1352 r

410 1417 464 1481 per
479 1398 582 1464 inanes
598 1396 828 1479 superstitiones
849 1397 881 1460 et
906 1395 1093 1460 fantasmata
1107 1395 1263 1460 uisionum
1277 1395 1409 1460 ridicula
1420 1411 1543 1475 prorsus

384 1503 493 1566 biuter
507 1501 709 1567 deliramenta
731 1500 876 1565 senuisse.
900 1499 975 1564 haec
1001 1518 1072 1563 cum
1093 1499 1193 1563 multa
1220 1499 1318 1580 adque
1343 1498 1405 1563 alia
1430 1497 1542 1573 etiam,

412 1624 488 1688 quae
514 1605 639 1669 reticere
665 1602 775 1667 melius
801 1604 862 1681 est,
886 1602 1040 1667 acerbiora
1055 1604 1238 1679 uomuisset,
1262 1619 1402 1685 egressus
1417 1601 1543 1666 taudem

411 1709 513 1774 furore
527 1708 653 1784 satiato,
677 1706 764 1788 quasi
780 1706 833 1787 qui
854 1723 886 1769 se
901 1706 1023 1787 penitus
1039 1705 1242 1783 uindicasset,
1265 1704 1381 1786 rapidis
1402 1723 1438 1769 ea
1457 1706 1542 1787 parte

412 1831 473 1897 qua
487 1812 611 1877 uouerat
627 1809 782 1893 gressibus
798 1808 987 1886 recurrebat,
1011 1827 1082 1872 eum
1098 1809 1227 1885 interea,
1244 1810 1333 1874 credo
1348 1827 1401 1889 per
1415 1808 1543 1873 Martini
1552 1829 1576 1868 n

412 1915 562 1981 orationes
577 1912 693 1996 fugatis
709 1912 746 1976 ab
762 1911 847 1974 iilius
869 1911 956 1975 corde
978 1912 1197 1988 daemonibus,
1221 1912 1364 1976 reductus
1384 1912 1418 1976 6
1437 1911 1542 1993 paeni-

410 2019 550 2084 tentiam.
578 2033 648 2081 mox
673 2014 838 2079 renuentitur
863 2015 962 2096 adque
981 2015 1021 2079 ad
1042 2015 1170 2079 Martini
1196 2034 1227 2079 66
1252 2015 1542 2098 genuaprostemit:

412 2122 536 2187 ueniam
550 2119 664 2202 poscit,
680 2117 795 2182 fatetur
809 2135 941 2181 errorem
955 2136 1010 2182 nec
1025 2118 1089 2182 sine
1105 2119 1250 2183 daemone
1266 2138 1297 2182 66
1312 2118 1406 2182 fuisse
1418 2118 1554 2182 taudem.

386 2225 514 2290 osauior
529 2222 698 2288 confitetur.
722 2239 781 2285 uon
796 2223 861 2285 erat
875 2221 957 2302 apud
971 2221 1143 2285 Murtinum
1158 2222 1243 2285 labor
1258 2222 1316 2286 iste
1332 2221 1485 2299 difficilis,
1509 2223 1542 2284 ut

413 2328 582 2412 ignosceret
598 2324 792 2407 supplicanti.
809 2326 883 2388 tuuc
898 2325 929 2388 66
943 2324 1003 2406 ipsi
1018 2326 1049 2389 et
1063 2325 1151 2388 nobis
1165 2325 1307 2388 omuibus
1319 2326 1441 2389 sanetus
1454 2343 1575 2405 erpo-1⁵

414 2432 492 2509 snit,
508 2429 641 2513 qualiter
655 2428 746 2492 illum
760 2447 777 2492 6
789 2427 988 2492 daemonibus
1000 2428 1129 2491 uidisset
1140 2428 1268 2512 agitari:
1284 2447 1316 2491 se
1328 2427 1474 2493 conuiciis
1484 2445 1544 2492 non

414 2533 547 2611 moueri,
570 2551 647 2614 quae
663 2531 763 2615 magis
786 2530 849 2606 illi,
873 2549 965 2612 aquo
981 2531 1081 2595 essent
1095 2530 1205 2608 effusa,
1228 2531 1411 2596 nocuissent.
1438 2530 1544 2595 exinde

388 2647 403 2700 7
415 2657 486 2703 666
497 2637 580 2700 idem
591 2634 708 2699 Brictio
720 2633 829 2698 multis
840 2635 921 2714 apud
934 2652 1006 2697 eum
1018 2633 1198 2718 magnisque
1213 2634 1392 2699 criminibus
1404 2653 1545 2717 persaepe

414 2739 617 2822 premeretur,
635 2737 703 2820 cogi
718 2754 777 2801 nou
793 2738 895 2818 potuit
910 2738 946 2800 ut
960 2755 1032 2801 eum
1047 2757 1065 2801 a
1079 2737 1267 2820 presbyterio
1283 2738 1493 2816 submoueret,
1508 2755 1545 2800 ne

416 2860 505 2907 suam
519 2840 659 2922 persequi
674 2839 829 2902 uideretur
849 2838 1009 2917 iniuriam,
1033 2840 1112 2905 illud
1132 2859 1220 2922 saepe
1241 2859 1496 2906 commemorans:
1520 2841 1578 2907 sin

416 2942 556 3008 Christus
572 2942 683 3006 Iudam
698 2959 805 3023 passus
820 2943 882 3019 est,
906 2960 959 3005 cur
975 2960 1030 3026 ego
1045 2961 1105 3008 nou
1120 2944 1220 3025 patiar
1235 2944 1446 3009 Brictionem?

368 3045 406 3108 16
459 3046 510 3110 Ad
531 3045 605 3109 haec
625 3044 860 3122 Postumiauus,
884 3045 1006 3123 audiat,
1022 3046 1139 3128 inquit,
1156 3047 1240 3111 istud
1255 3048 1429 3128 exemplum
1443 3049 1546 3112 noster

314 3174 321 3209 ι
416 3149 475 3213 iste
490 3149 527 3213 de
542 3147 688 3230 proximo.
712 3147 766 3229 qui
781 3148 908 3211 sumsit
924 3149 1059 3230 sepiem,
1075 3149 1238 3214 immemor
1252 3151 1470 3231 praesentium,
1485 3150 1545 3214 im-

416 3269 534 3316 memor
547 3251 737 3314 futurorum:
753 3251 781 3314 si
795 3249 889 3315 fuerit
904 3251 1052 3330 offensus,
1068 3252 1183 3317 insanit
1197 3253 1230 3316 6
1245 3271 1300 3318 666
1315 3272 1347 3317 66
1361 3271 1422 3318 666
1432 3253 1546 3318 habens

415 3355 582 3436 potestate:
606 3353 705 3417 saeuit
719 3354 752 3418 in
767 3354 906 3433 clericos,
929 3357 1087 3438 grassatur
1101 3357 1134 3421 6
1148 3356 1258 3434 laicos,
1275 3358 1436 3439 totumque
1450 3359 1577 3422 terra-n

416 3477 486 3522 rum
501 3457 606 3521 orbem
620 3456 756 3522 insuam
777 3459 950 3522 commouet
970 3459 1135 3524 ultionem:
1158 3460 1191 3524 in
1217 3479 1277 3542 qua
1301 3479 1355 3543 per
1380 3460 1547 3524 triennium

417 3561 532 3644 iugiter
552 3560 748 3625 dimicatione
770 3560 937 3625 consistens
958 3579 1014 3625 666
1033 3563 1170 3643 tempore
1190 3582 1245 3627 nec
1270 3563 1387 3628 ratione
1413 3564 1545 3628 sedatur.

389 3663 546 3727 adolenda
560 3662 694 3728 hominis
720 3664 751 3727 et
777 3664 949 3728 miseranda
969 3665 1120 3743 condicio,
1144 3666 1267 3730 etiamsi
1292 3667 1350 3732 hae
1375 3667 1546 3731 6616666-

416 3765 530 3829 nabilis
555 3766 631 3829 maii
656 3766 741 3846 peste
767 3767 965 3848 premeretur.
989 3786 1097 3831 66666
1117 3768 1179 3834 ista
1193 3769 1222 3833 ei
1236 3770 1401 3851 patientiae
1416 3770 1448 3834 66
1462 3771 1546 3834 trau-

470 4003 487 4060 6
500 4003 664 4057 fantasmata
676 4004 743 4058 AF:
762 4004 855 4072 phant.
869 4022 885 4059 o
955 4005 974 4062 8
987 4022 1151 4075 egressus-
1164 4007 1328 4062 uindicasset
1338 4009 1369 4062 F
1376 4015 1441 4077 post
1461 4025 1546 4064 recur-

416 4089 494 4143 rebat
513 4089 593 4144 bebet
675 4089 693 4145 9
712 4089 1003 4160 rapidis—gressibus
1014 4093 1168 4146 recurrebat
1179 4095 1280 4148 ΑΒΜ·
1299 4095 1407 4163 rapidus
1418 4111 1546 4149 -recur·

416 4175 494 4229 rebat
511 4175 555 4228 Fu
578 4177 589 4244 ΙΙ
613 4191 644 4227 ea
655 4177 731 4242 parte
745 4191 797 4243 qua
815 4177 919 4230 AFM:
939 4194 970 4230 ex
982 4194 1035 4247 qua
1046 4182 1148 4248 partes
1218 4181 1254 4236 11
1274 4181 1476 4249 poeniteutiam,
1489 4197 1547 4234 mor

418 4261 579 4317 distinctum
591 4267 630 4315 est
641 4262 673 4314 in
683 4260 742 4314 edd.
757 4262 932 4316 claudicante
944 4264 1032 4333 topica
1043 4267 1159 4319 ratione.
1179 4265 1324 4320 Sententia
1336 4272 1389 4320 est:
1407 4267 1437 4319 iu
1448 4282 1478 4320 eo
1491 4268 1548 4319 erat

418 4350 449 4402 ut
459 4349 618 4411 recurreret,
632 4363 692 4400 cum
703 4346 807 4400 interea
819 4347 944 4403 reductus
957 4352 999 4403 est
1010 4350 1039 4403 in
1050 4351 1252 4419 paenitentiam
1271 4352 1333 4405 Mox
1344 4352 1491 4406 reuertitur
1500 4358 1546 4406 ete.

471 4433 507 4490 13
519 4432 687 4501 poscitBM:
700 4447 809 4500 poscens
816 4434 886 4488 Aac
938 4435 978 4491 14
989 4435 1078 4489 sanior
1090 4436 1260 4490 fatebaturA
1313 4438 1350 4495 15
1363 4437 1420 4506 ipse
1430 4437 1546 4505 Fprnu

471 4518 507 4575 18
525 4517 624 4572 briccio
635 4517 693 4572 AF
707 4519 720 4586 61
736 4516 806 4586 apud
817 4520 849 4572 e'n
857 4521 888 4574 F
893 4537 1003 4575 erasnm
1050 4522 1086 4578 19
1099 4525 1253 4590 premeret·
1266 4523 1298 4577 F
1339 4524 1376 4579 21
1391 4523 1563 4576 briccioncm'

416 4603 474 4657 AF
506 4604 544 4660 22
557 4603 764 4658 etiamistudM
807 4605 845 4661 23
857 4607 947 4661 metim
960 4623 1020 4660 cum
1029 4610 1071 4661 est
1080 4609 1186 4677 sapiens
1220 4608 1549 4678 24leuiter(nelleuiter)

416 4689 530 4744 offensus
542 4693 563 4743 2
574 4690 650 4745 codd.
661 4691 739 4759 apud
751 4691 784 4745 de
794 4693 883 4746 Proto
892 4699 919 4747 66
929 4693 969 4746 ed.
977 4694 1041 4747 Ale,
1068 4694 1107 4750 27
1119 4694 1268 4749 orationcF
1301 4696 1339 4752 29
1352 4695 1422 4749 malo
1431 4696 1462 4751 F
1463 4712 1548 4764 pana
