3834 5634
813 709 926 764 Chion.
945 712 967 774 I,
985 711 1105 770 43-45.
1480 711 1521 774 47

400 883 511 950 magno
526 883 597 929 oum
612 864 753 942 exercitu,
766 866 883 930 duobus
898 869 929 931 et
943 867 1073 951 triginta
1084 866 1206 950 regibus
1218 866 1251 931 in
1262 866 1438 930 societatem
1449 864 1523 929 belli

401 968 519 1046 ascitis,
540 967 617 1032 fines
632 966 784 1033 Samariae
799 968 953 1052 ingressus
968 971 1076 1035 urbem
1090 988 1161 1034 cum
1175 988 1246 1053 rege
1261 969 1399 1033 obsidere
1414 967 1522 1049 coepit.

400 1070 474 1136 artis
497 1071 606 1135 deinde
628 1070 818 1135 obsessorum
845 1072 935 1136 rebus
963 1073 1017 1137 dat
1038 1072 1113 1137 belli
1135 1071 1335 1148 conditiones,
1364 1071 1392 1135 si
1414 1090 1523 1135 aurum

400 1175 620 1258 argentumque
632 1174 663 1238 et
674 1173 803 1238 feminas
813 1175 1020 1253 tradidissent,
1032 1174 1096 1240 fore
1106 1175 1153 1239 uti
1165 1175 1248 1239 uitae
1260 1192 1364 1239 eorum
1378 1174 1523 1255 parceret.

378 1277 452 1341 ssed
472 1278 539 1341 tam
559 1275 682 1340 iniustis
702 1277 924 1341 conditionibus
946 1280 1081 1343 extrema
1100 1277 1217 1359 perpeti
1238 1278 1334 1341 satius
1356 1277 1470 1342 uisum.
1494 1277 1554 1340 et4

400 1398 470 1443 oum
491 1379 554 1443 iam
577 1379 714 1443 omnium
736 1380 893 1460 desperata
913 1382 993 1446 esset
1007 1382 1103 1457 salus,
1125 1380 1271 1462 propheta
1292 1380 1388 1443 aDeo
1410 1378 1524 1442 missus

399 1501 503 1566 regem
525 1481 606 1560 edit,
629 1482 770 1546 hortatur
791 1483 826 1546 ut
848 1482 881 1547 in
901 1484 1051 1564 prochum
1074 1485 1174 1561 exeat,
1201 1483 1394 1547 cunctantem
1416 1479 1525 1544 multis

401 1585 567 1649 confirmat.
583 1585 629 1648 ita
643 1585 799 1666 eruptione
809 1584 890 1650 facta
900 1585 962 1650 fusi
973 1586 1075 1650 hostes
1087 1586 1264 1668 copiosaque
1275 1583 1523 1666 praedareperta.
1620 1653 1624 1659 ,

401 1687 452 1752 sed
472 1689 541 1768 post
561 1705 674 1751 annum
694 1687 840 1769 reparatis
863 1688 981 1752 uiribus
1002 1687 1094 1771 Syme
1114 1689 1147 1752 in
1167 1687 1337 1753 Samariam
1359 1696 1553 1769 regressuao
1648 1765 1651 1771 Ι

367 1807 392 1848 ιο
400 1791 554 1870 acceptam
569 1789 686 1853 cladem
701 1790 804 1854 ultum
817 1791 861 1855 ire
876 1791 1009 1872 cupiens,
1030 1811 1152 1855 rursum
1167 1790 1268 1854 uictus
1283 1791 1339 1854 est.
1361 1806 1395 1853 eo
1410 1787 1525 1869 proelio

400 1909 470 1957 cxx
492 1892 580 1956 miha
602 1891 747 1975 Syrorum
769 1892 925 1958 interiere:
953 1894 1019 1978 regi
1047 1894 1136 1959 uenia
1164 1894 1249 1970 data,
1277 1911 1408 1976 regnum
1438 1892 1466 1956 ei
1494 1893 1526 1955 et

399 1995 547 2076 pristinus
562 1995 660 2059 status
671 2012 837 2060 concessus.
853 1998 921 2060 tum
933 1996 1040 2061 Achab
1055 1996 1158 2061 uerbis
1168 1996 1227 2060 Dei
1238 2015 1256 2059 a
1266 1995 1413 2076 propheta
1427 1994 1554 2058 incre-6

400 2098 499 2178 pitus,
528 2116 582 2162 cur
603 2097 715 2162 abusus
737 2098 841 2162 diuino
864 2118 989 2164 munere
1011 2100 1092 2163 hosti
1114 2100 1174 2163 sibi
1196 2099 1309 2163 tradito
1331 2096 1524 2179 pepercisset.

399 2200 497 2284 igitur
516 2199 610 2283 Syrus
630 2202 699 2282 post
717 2201 884 2266 triennium
906 2202 1022 2267 bellum
1044 2201 1192 2266 Hebraeis
1214 2201 1330 2265 intulit.
1359 2200 1525 2264 aduersum

366 2303 480 2367 rehunc
494 2301 601 2368 Achab
623 2303 953 2385 pseudoprophetarum
975 2304 1110 2385 impulsu
1132 2304 1165 2366 in
1186 2302 1336 2384 proelium
1359 2301 1526 2391 descendit,

400 2407 500 2487 spreto
515 2406 636 2470 Michea
655 2406 801 2488 propheta
822 2406 900 2471 etin
913 2407 1036 2471 uincula
1056 2406 1204 2483 coniecto,
1226 2404 1323 2468 curci
1339 2403 1527 2467 exitiabilem

401 2508 465 2573 fore
479 2527 616 2592 pugnam
630 2509 846 2573 denuntiasset.
863 2509 907 2573 ita
922 2528 956 2574 eo
971 2510 1084 2591 proeho
1098 2508 1205 2573 Achab
1220 2506 1408 2582 interfectus,
1428 2503 1527 2568 Ocho-

404 2611 467 2675 niae
481 2611 545 2675 filio
560 2611 725 2692 imperium
739 2613 874 2695 rehquit.

443 2714 475 2777 Is
497 2733 587 2797 aeger
608 2731 729 2795 corpore
758 2733 829 2779 oum
858 2735 894 2780 er
923 2714 1095 2793 ministris,
1116 2715 1170 2796 qui
1198 2715 1316 2779 idolum
1345 2731 1398 2795 pro
1428 2710 1577 2776 saluteli

369 2816 467 2884 accius
490 2816 694 2894 consulerent,
717 2817 868 2897 misisset,
894 2819 979 2882 Elias
1001 2838 1020 2883 a
1041 2820 1104 2883 Deo
1127 2818 1262 2882 monitus
1284 2817 1407 2881 obuiam
1430 2833 1461 2879 se
1484 2814 1528 2878 eis

404 2920 517 3001 optuht
531 2920 753 3003 increpitosque
767 2921 939 2986 renuntiare
954 2922 1021 3005 regi
1035 2922 1136 2999 iubet,
1158 2922 1289 2986 mortem
1305 2921 1370 2984 eius
1385 2935 1527 2982 consecu-

403 3023 515 3087 turam.
531 3024 599 3086 tum
614 3041 665 3087 rex
680 3024 893 3104 comprehendi
905 3044 976 3088 eum
990 3043 1026 3089 ac
1040 3024 1149 3089 deduci
1164 3025 1203 3088 ad
1218 3044 1250 3089 se
1264 3024 1359 3100 iubet,
1372 3023 1425 3086 scd
1440 3019 1557 3085 missia

403 3125 526 3190 caelesti
538 3126 609 3210 igne
620 3125 785 3207 absumpti.
797 3147 859 3205 rer,
871 3129 907 3191 ut
917 3128 1064 3208 propheta
1074 3127 1272 3208 praedixerat,
1285 3126 1371 3189 obiit.
1384 3123 1529 3188 successit

405 3229 618 3293 antomIoram
630 3230 659 3293 oi
669 3228 763 3294 frater
774 3229 853 3294 eius:
871 3231 956 3312 isque
968 3230 1128 3294 duodecim
1140 3230 1227 3294 annis
1237 3228 1402 3309 imperium
1412 3226 1529 3308 potitus

371 3333 460 3399 aest.
483 3333 516 3396 at
535 3332 568 3396 in
587 3333 673 3414 parte
694 3333 823 3397 duarum
846 3333 984 3396 tribuum
1005 3332 1148 3413 Iosaphat
1169 3350 1241 3414 rege
1263 3330 1405 3394 defuncto
1427 3328 1529 3390 Ionam

404 3434 487 3498 filius
507 3454 637 3518 regnum
656 3435 758 3500 tenuit
777 3453 869 3500 annos
884 3434 1107 3518 duodeuiginti.
1129 3434 1156 3497 is
1171 3433 1277 3497 Achab
1293 3431 1390 3495 filiam
1405 3447 1529 3493 uxorem

406 3537 523 3615 habuit,
536 3554 636 3602 socero
651 3557 743 3621 quam
757 3538 838 3619 patri
852 3538 981 3619 propior.
997 3539 1067 3618 post
1080 3537 1161 3600 hunc
1174 3534 1319 3599 Ochozias
1333 3532 1415 3596 fihus
1430 3532 1557 3612 impe-3

406 3640 487 3703 rium
507 3640 634 3722 adeptus
656 3641 711 3705 est.
732 3641 788 3705 hoc
808 3641 953 3724 regnante
968 3640 1052 3705 Elias
1072 3640 1238 3704 translatus
1258 3636 1397 3701 refertur.
1422 3635 1529 3699 eodem

404 3743 539 3824 temporo
554 3743 730 3821 Helisaeus,
752 3743 919 3824 discipulus
935 3743 1014 3820 eius,
1037 3742 1144 3807 multis
1165 3740 1261 3825 signis
1282 3739 1387 3821 potens
1404 3735 1529 3802 extitit:

371 3871 396 3911 ao
405 3864 481 3927 quae
496 3845 597 3910 omnia
611 3845 728 3910 notiora
742 3847 814 3910 sunt
828 3865 921 3929 quam
936 3847 972 3910 ut
986 3846 1058 3909 stilo
1073 3845 1190 3929 egeant.
1212 3842 1250 3908 ab
1266 3860 1300 3907 eo
1321 3841 1431 3905 uiduae
1446 3839 1559 3903 filins4

505 4067 738 4137 14111Reg.22.
776 4067 812 4124 19
830 4067 869 4121 IV
886 4069 950 4138 Reg.
972 4069 996 4124 1.
1032 4067 1071 4124 28
1088 4067 1127 4120 IV
1144 4067 1209 4136 Reg.
1228 4066 1254 4122 2.
1268 4080 1324 4135 sqq.

453 4254 548 4310 acum
568 4271 630 4325 rege
650 4254 778 4310 urbemb
830 4255 933 4313 3artis
954 4258 994 4325 P,
1021 4262 1054 4310 ot
1078 4257 1147 4310 coni.
1161 4255 1295 4310 Drosiuo:
1313 4255 1381 4309 actis
1399 4255 1430 4321 b,·
1449 4255 1484 4320 cf.
1504 4254 1530 4308 D

403 4343 450 4409 23,
463 4343 488 4394 2.
509 4341 550 4409 II,
563 4345 635 4409 16,1
685 4342 928 4410 detergentumb
975 4341 1177 4398 6aDominob
1224 4339 1261 4397 16
1278 4339 1426 4394 Michaeab
1448 4341 1461 4408 11
1484 4355 1530 4392 cur

407 4426 444 4479 P:
463 4425 559 4494 quodb
610 4427 647 4483 21
666 4442 832 4481 consocuram
845 4428 883 4492 P,
902 4427 1149 4495 consequnturamb
1202 4426 1241 4482 24
1257 4425 1398 4494 imperium
1414 4426 1454 4479 P:
1480 4425 1530 4477 im·

405 4511 507 4580 pericb
558 4512 596 4572 25
608 4512 665 4567 iord
676 4513 737 4581 (pro
748 4512 855 4582 iora)P
906 4512 944 4570 26
957 4512 1249 4583 annosvae'poor'as
1301 4511 1339 4568 28
1352 4510 1491 4580 ademptus
1504 4510 1532 4563 P

457 4597 494 4654 29
513 4596 629 4652 heliseus
641 4599 680 4664 P,
698 4598 830 4652 Eliscusb
897 4597 937 4655 30
954 4599 1017 4654 stilo
1030 4600 1068 4653 P:
1086 4601 1175 4653 nostro
1188 4597 1286 4668 stylob
1309 4599 1321 4666 ΙΙ
1344 4595 1377 4649 ab
1390 4611 1420 4650 co
1432 4597 1473 4652 P:
1496 4595 1530 4650 ab

410 4683 525 4737 coestb
