3834 5634
819 744 933 800 Chron.
953 745 975 809 1,
994 743 1114 800 24-26.
1491 746 1534 811 29

402 898 454 962 scd
469 900 698 964 occurrentibus
714 900 797 964 omni
812 902 948 983 exparte
961 901 1109 965 Hebraeis
1119 902 1235 983 passim
1247 901 1400 985 fugientes
1411 901 1532 966 cadunt.

401 1020 488 1086 reges
503 1000 626 1067 Gedeon
641 1004 816 1084 persecutus
828 1005 912 1069 ultra
925 1004 1101 1081 Iordanem,
1117 1005 1346 1086 comprehensos
1360 1004 1426 1068 neci
1437 1003 1532 1068 dedit.

401 1122 436 1168 ea
459 1124 564 1188 pugna
583 1094 611 1170 e
636 1107 668 1170 et
693 1092 747 1171 {iu
762 1126 797 1170 61
822 1107 963 1171 hostibus
978 1126 1079 1185 caesa,
1102 1095 1150 1172 riu
1165 1109 1255 1190 capta
1268 1109 1440 1173 traduntur.
1463 1108 1562 1171 tum8

401 1224 547 1272 consensu
568 1209 707 1273 omnium
728 1208 877 1288 cheoni,
901 1211 937 1274 ut
966 1210 1104 1292 princeps
1132 1211 1238 1292 pepuli
1267 1211 1361 1289 esset,
1384 1210 1531 1274 delatum.

379 1311 481 1393 equod
510 1311 564 1374 ille
592 1313 770 1393 aspernatus
799 1313 955 1377 communi
985 1313 1051 1377 iure
1077 1332 1148 1378 cum
1174 1313 1295 1378 ciuibus
1315 1312 1419 1377 11111616
1439 1331 1532 1394 quam

399 1431 536 1495 praeesse
565 1414 629 1478 suis
658 1415 779 1479 maluit.
803 1416 929 1497 depulsa
957 1416 1055 1500 igitur
1083 1416 1277 1498 captiuitatc,
1307 1434 1384 1498 quac
1414 1415 1532 1495 septem

399 1534 493 1582 annos
507 1518 656 1598 populum
672 1519 877 1597 continuerat,
900 1538 958 1600 par
973 1538 1026 1600 per
1041 1538 1087 1584 xp
1102 1537 1196 1584 annos
1211 1519 1281 1583 fuit.

441 1619 500 1684 Sed
530 1620 672 1685 defuncto
707 1620 828 1686 cheon
861 1621 943 1686 filius
978 1622 1044 1686 eius
1072 1621 1267 1699 Abimelech,
1301 1641 1337 1685 ex
1366 1620 1532 1686 concubina
1541 1629 1583 1692 20

399 1723 499 1801 ortus,
523 1722 671 1787 fratribus
691 1724 899 1806 interemptis,
923 1724 1065 1806 pessimis
1081 1725 1252 1807 quibusque
1272 1723 1531 1789 consentientibus

365 1825 429 1888 1161
455 1826 588 1890 maxime
616 1825 800 1891 sicimorum
825 1828 1015 1909 principibus
1035 1846 1157 1910 operam
1177 1828 1377 1906 nauantibus,
1399 1836 1559 1911 regnuma

399 1928 568 2010 occupauit.
591 1928 678 2010 isque
703 1929 863 1993 discordiis
888 1931 1033 1995 ciuilibus
1058 1932 1223 2010 exercitus,
1256 1950 1327 1995 cum
1354 1948 1423 1996 suos
1449 1930 1529 1994 bello

397 2032 563 2117 premeret,
584 2032 697 2096 turrim
712 2033 880 2114 quandam,
901 2034 934 2098 in
955 2054 1048 2116 quam
1068 2054 1101 2098 se
1121 2036 1234 2100 amisso
1252 2034 1362 2116 oppido
1376 2033 1529 2118 fugientes

397 2136 585 2216 receperant,
613 2154 783 2218 expugnare
811 2154 988 2219 aggressus,
1018 2138 1092 2201 dum
1121 2138 1274 2203 incautius
1296 2138 1395 2214 subit,
1418 2154 1489 2201 saro
1511 2154 1529 2199 a

397 2238 525 2301 muliere
543 2238 622 2301 ictus
643 2238 749 2319 periit,
773 2257 843 2303 oum
857 2239 989 2303 triennio
1004 2239 1168 2321 imperium
1188 2240 1344 2304 tenuisset.
1367 2240 1440 2303 huic
1458 2253 1558 2306 suc-3

366 2340 488 2404 acessit
503 2341 615 2419 Thola,
631 2341 684 2422 qui
699 2340 818 2405 duobus
833 2342 864 2405 et
879 2361 928 2404 xx
942 2342 1029 2406 annis
1046 2360 1139 2425 regno
1153 2343 1270 2423 pot‘tus
1285 2343 1340 2405 cst.
1363 2342 1528 2423 posthunc

397 2443 458 2508 Iair
472 2443 550 2522 tuit,
573 2444 626 2525 qui
641 2462 711 2507 cum
726 2461 820 2525 aeque
834 2443 948 2526 uiginti
963 2445 994 2508 et
1008 2445 1084 2508 duos
1105 2463 1198 2508 annos
1218 2444 1424 2526 principatum
1445 2443 1527 2506 obti-

397 2546 527 2624 nuisset,
550 2547 680 2628 populus
695 2547 801 2610 relicto
816 2548 880 2610 Deo
895 2547 987 2610 idolis
1002 2566 1033 2611 se
1048 2547 1246 2628 mancipauit.
1269 2546 1372 2629 sobquo
1392 2547 1424 2609 id
1445 2546 1527 2610 Isra-

397 2649 486 2714 clitac
512 2649 631 2714 subacti
657 2650 729 2714 sunt
754 2649 792 2713 ab
812 2650 988 2732 Allophylis
1014 2651 1045 2713 ct
1070 2650 1259 2714 Ammonitis
1280 2651 1399 2731 duoque
1419 2649 1457 2712 do
1478 2667 1527 2712 xx

397 2753 483 2818 anuis
503 2753 560 2816 sub
582 2771 687 2817 corum
707 2753 835 2835 imperio
855 2753 989 2817 fuerunt.
1013 2771 1072 2835 quo
1092 2755 1228 2835 tempore
1249 2754 1292 2817 eis
1311 2754 1413 2817 Deum
1438 2753 1558 2824 inno-4

365 2856 536 2920 uocantibus
551 2855 694 2919 diuinum
708 2874 885 2937 responsum
900 2856 1056 2920 redditum
1070 2858 1131 2935 est,
1147 2857 1311 2921 simulacra
1324 2857 1427 2938 potius
1438 2855 1527 2920 inuo-

397 2960 511 3036 carcnt,
536 2977 567 3022 se
587 2976 648 3022 non
667 2958 750 3022 ultra
769 2958 1010 3023 misericordiam
1030 2958 1160 3043 ingratis
1180 2960 1409 3041 praestiturum.
1433 2960 1465 3023 at
1480 2958 1528 3022 illi

395 3061 501 3126 dentes
523 3062 645 3142 culpam
667 3061 758 3125 fateri
778 3063 809 3125 61
829 3062 952 3126 ueniam
967 3063 1098 3143 precari,
1121 3063 1308 3144 abiectisque
1321 3063 1413 3127 idolis
1427 3064 1529 3126 Deum

396 3165 593 3246 implorantes
620 3166 765 3248 negatam
788 3164 862 3228 licet
888 3165 1130 3229 miscricordiam
1156 3166 1407 3247 impetraucrunt.
1431 3165 1556 3248 igitu15

396 3268 481 3349 lepta
506 3268 582 3332 duco
607 3267 646 3331 ad
674 3267 849 3331 libertatem
869 3268 964 3331 armis
984 3267 1199 3331 uindicandam
1220 3268 1391 3348 frequentes
1417 3285 1526 3331 conue-

365 3394 388 3434 11
397 3371 499 3448 niunt,
523 3370 627 3433 missis
642 3371 727 3451 prius
748 3371 786 3433 ad
807 3370 943 3434 Ammon
962 3389 1066 3452 rogem
1086 3369 1213 3452 legatis,
1236 3369 1349 3434 finibus
1369 3369 1433 3432 suis
1454 3387 1526 3434 con·

396 3474 497 3537 tentus
518 3473 599 3537 bollo
619 3474 793 3537 abstineret.
823 3473 856 3536 at
875 3472 928 3535 ille
954 3473 1105 3554 proelium
1125 3489 1185 3536 non
1205 3472 1339 3537 abnuens
1359 3472 1457 3536 aciem
1476 3471 1525 3537 in-

398 3577 517 3640 struxit.
546 3577 616 3640 tum
637 3576 725 3657 Iopta
750 3575 835 3656 prius
856 3594 949 3657 quam
970 3575 1095 3658 signum
1110 3594 1230 3658 pugnae
1250 3574 1382 3654 daretur,
1403 3574 1526 3640 uouisse

397 3679 522 3758 dicitur,
546 3680 572 3742 si
592 3696 732 3760 prospere
756 3679 935 3760 pugnasset,
958 3697 1044 3754 eum,
1068 3678 1121 3760 qui
1142 3679 1201 3742 sibi
1222 3679 1340 3759 primns
1359 3679 1526 3744 reuertenti

397 3781 505 3846 obuius
525 3782 650 3858 fuisset,
678 3782 812 3844 hostiam
833 3782 897 3844 Deo
917 3782 1062 3845 dandum.
1096 3782 1141 3845 ita
1160 3782 1254 3845 uictis
1273 3782 1431 3860 hostibus,
1454 3799 1554 3852 cume

496 3968 639 4025 2111118.
695 3967 838 4024 esunt.
878 3967 914 4024 13
931 3967 993 4022 Jud.
1015 3966 1059 4023 10.
1097 3968 1279 4025 24111111.

445 4121 463 4178 3
481 4111 521 4175 fv
539 4124 568 4176 b:
588 4138 627 4175 xv
640 4123 668 4175 P
689 4123 701 4188 11
724 4122 797 4174 Tunc
814 4123 829 4174 b
882 4123 900 4178 8
919 4122 1037 4178 chconi
1050 4123 1078 4185 b,
1098 4122 1219 4176 choone
1237 4124 1330 4177 Voaclc
1384 4123 1525 4180 10116111-

394 4209 522 4261 morumb
545 4211 557 4276 ΙΙ
580 4224 686 4277 operam
704 4208 745 4260 P:
766 4223 872 4275 operam
889 4208 948 4275 feib
1015 4208 1051 4266 15
1069 4208 1154 4261 Thola
1176 4209 1350 4263 Gelasimus:
1369 4210 1471 4263 cholias
1482 4209 1525 4262 Pb

445 4294 481 4349 17
500 4294 613 4347 Domino
630 4295 646 4348 b
668 4295 680 4360 ΙΙ
703 4292 859 4346 israhelitae
873 4295 915 4361 P,·
933 4295 998 4347 item
1006 4310 1035 4360 p.
1050 4297 1096 4362 30,
1110 4299 1142 4347 11
1207 4293 1244 4350 18
1262 4295 1296 4347 ab
1308 4295 1441 4364 illophilis
1452 4296 1480 4348 P
1501 4295 1514 4362 ΙΙ

393 4377 468 4447 duoq.
487 4381 517 4440 b:
542 4379 591 4432 duo
609 4381 637 4432 P
701 4378 737 4435 19
755 4378 925 4431 Dominumb
989 4379 1029 4435 20
1046 4379 1168 4433 diuinum
1187 4381 1227 4433 P:
1246 4380 1368 4434 diuinum
1386 4381 1524 4435 scilicetb

443 4465 481 4520 22
493 4465 596 4534 precari
608 4465 714 4519 ueniam
732 4465 748 4518 b
811 4463 850 4519 24
867 4464 988 4533 lephtha
999 4466 1123 4519 Drusius
1186 4466 1224 4524 25
1236 4467 1320 4520 Arnon
1333 4467 1367 4520 ad
1378 4482 1468 4534 regem
1487 4466 1522 4534 P,

393 4549 426 4603 ad
441 4552 509 4605 Amo
525 4566 616 4620 regem
634 4552 663 4614 b,
687 4551 720 4603 ad
738 4549 952 4604 Ammonitarum
973 4567 1064 4620 rogem
1084 4552 1222 4620 Vocatium
1249 4553 1284 4605 ad
1300 4569 1390 4620 rogem
1407 4551 1524 4605 filiorum

390 4635 504 4690 Ammon
516 4637 654 4705 Drusias;
667 4643 697 4690 at
709 4638 744 4703 cf.
758 4641 783 4704 1,
796 4638 841 4704 35,
854 4640 872 4690 4
889 4635 923 4689 ad
940 4653 1030 4705 regem
1041 4637 1120 4690 Moab
1140 4640 1153 4706 {l
1172 4637 1271 4691 finibus
1284 4639 1325 4691 P.-
1344 4639 1375 4691 nt
1392 4636 1490 4691 finibus
1507 4639 1524 4692 b

425 4721 483 4792 {26
495 4722 629 4776 abstinere
641 4723 668 4776 P
719 4722 757 4779 29
769 4722 867 4776 damdd
879 4723 942 4791 (stc)
955 4723 996 4791 P,
1014 4723 1062 4777 sed
1074 4729 1091 4776 11
1104 4739 1138 4778 ex
1150 4728 1166 4775 a
1178 4723 1237 4778 ead,
1251 4740 1284 4776 m.
1298 4738 1367 4776 corr.
