3834 5634
370 727 408 775 VI

368 861 417 936 tis
448 862 609 962 legendis
646 893 772 965 parum
812 880 954 941 uersato
996 869 1213 968 exscriptas,
1252 897 1403 968 quarum
1434 898 1502 971 ope

369 981 466 1054 haud
489 1010 621 1081 paucos
645 986 743 1059 locos
767 1000 958 1086 corruptos
983 989 1205 1062 emendauit:
1229 1002 1371 1089 poterat
1394 992 1502 1066 etiam

370 1101 491 1200 plures
521 1130 664 1196 sanare,
690 1106 758 1179 nisi
783 1108 947 1204 uulgatae
977 1136 1084 1207 quam
1109 1121 1255 1201 uocant,
1286 1138 1504 1210 quamquam

370 1219 409 1293 in
431 1222 501 1295 hoe
522 1223 635 1315 libre,
667 1238 706 1298 ut
728 1226 841 1325 ipsius
866 1227 989 1300 uerbis
1013 1240 1113 1319 utar,
1143 1228 1199 1300 ‘ab
1223 1229 1371 1304 homine
1394 1232 1505 1305 ecele-

370 1340 444 1414 siae
465 1341 648 1418 Romanae
680 1346 837 1419 maxime
865 1345 1019 1421 infenso’
1042 1349 1203 1446 profecta
1225 1362 1320 1436 erat,
1353 1351 1506 1424 nimium

369 1461 535 1535 addictus
575 1465 712 1538 fuisset.
753 1467 822 1540 iam
855 1467 1101 1566 Hieronymus
1134 1470 1178 1540 de
1209 1468 1319 1541 Prato
1352 1471 1396 1541 ad
1428 1496 1506 1543 eam

370 1583 586 1655 sententiam
618 1585 870 1675 inelinauerat,
919 1597 958 1658 ut
992 1587 1152 1661 codicem
1182 1587 1387 1661 Romanum
1423 1615 1507 1663 eum

370 1700 491 1798 ipsum
524 1728 619 1793 esse,
658 1731 766 1802 quem
801 1706 941 1779 Flaoius
975 1720 1228 1805 usurpauerat‚
1270 1707 1506 1797 existimaret,

371 1845 437 1893 neo
468 1831 588 1894 tamen
621 1825 865 1898 coniecturam
901 1852 1002 1899 suam
1033 1826 1217 1900 «Iacobo
1249 1826 1507 1925 Bernaysio

371 1938 551 2036 probauit,
572 1942 633 2039 qui
652 1942 688 2014 in
709 1945 854 2042 egregia
872 1947 1187 2037 commentatione,
1208 1973 1314 2044 quam
1334 1948 1379 2019 de
1394 1946 1508 2020 Chro-

371 2058 463 2131 niois
482 2059 607 2134 Seueri
625 2062 785 2136 Berolini
811 2091 840 2136 a.
864 2068 959 2138 1861
986 2065 1116 2156 edidit,
1140 2092 1175 2164 p.
1192 2069 1238 2138 72
1259 2064 1406 2163 negauit
1426 2065 1509 2140 fieri

369 2179 532 2275 potuisse
557 2191 595 2252 ut
617 2181 758 2256 Flauius
781 2184 971 2282 Illyrieus,
1007 2185 1037 2257 si
1061 2185 1184 2258 codiee
1206 2184 1371 2258 Romano
1396 2196 1509 2258 utero·

369 2306 447 2388 tur,
471 2309 528 2372 tot
546 2311 739 2401 tantosque
761 2330 902 2377 errores
926 2306 1179 2378 committeret.
1203 2304 1308 2378 nobis
1332 2332 1426 2377 noua
1449 2331 1510 2378 oo·

371 2415 460 2491 diois
479 2420 688 2514 collatione,
714 2450 824 2521 quam
847 2423 1045 2498 Carolus
1069 2424 1425 2523 Zangemeister
1448 2450 1510 2498 ou-

370 2536 485 2631 rauit,
527 2571 604 2633 res,
641 2545 686 2617 de
710 2570 780 2642 qua
803 2555 994 2642 antequam
1019 2544 1154 2622 codicis
1184 2544 1383 2643 scripturae
1406 2571 1511 2618 aoou·

373 2672 449 2735 rate
484 2664 649 2761 cognitae
679 2677 799 2736 essent
828 2663 994 2737 dubitare
1011 2691 1147 2762 posses,
1166 2665 1329 2738 confecta
1349 2665 1510 2738 uidetur:

373 2782 481 2857 certis
505 2783 600 2856 enim
631 2784 854 2881 argumentis
886 2783 925 2856 in
957 2783 1261 2857 commentatione
1293 2783 1508 2874 academica,

373 2927 484 3000 quum
510 2929 604 2974 anno
635 2902 822 3001 superiore
844 2902 941 2975 edidi
973 2904 1024 3000 (u.
1048 2901 1360 3001 Satzunusberz'ohte
1388 2905 1450 2976 der
1475 2903 1510 2983 lc.

373 3020 489 3122 boyer.
517 3020 705 3095 Academia
733 3024 795 3096 der
830 3020 928 3095 Wr'ss.
966 3026 1075 3096 1865.
1107 3022 1153 3114 ΙΙ,
1187 3026 1227 3107 2,
1264 3051 1297 3122 p.
1318 3025 1364 3095 37
1394 3023 1507 3119 sqq),

372 3142 463 3215 mihi
499 3144 766 3214 demonstrasse
808 3142 934 3215 uideor
963 3141 1160 3216 editionem
1199 3142 1398 3241 prinoipem
1435 3166 1509 3213 non

373 3287 421 3336 ex
452 3261 521 3333 alio
551 3261 674 3334 codiee
706 3288 813 3359 quam
842 3287 889 3334 ex
919 3261 1096 3336 Vaticano
1126 3262 1287 3336 fluxisse.
1311 3262 1446 3334 dehac
1468 3285 1509 3333 re

373 3392 415 3456 ut
433 3381 547 3455 ouiuis
571 3407 636 3453 suo
659 3381 793 3456 iudicio
817 3381 870 3454 uti
891 3381 1035 3470 liceret,
1058 3382 1096 3454 in
1120 3381 1419 3456 commentarium
1439 3378 1508 3453 ori-

373 3503 486 3578 tioum
529 3503 702 3577 lectiones
744 3528 888 3600 quoque
935 3501 1103 3575 editionis
1144 3500 1335 3600 principia,
1383 3525 1508 3598 quam-

373 3649 481 3722 quam
512 3612 621 3696 omni
636 3650 714 3697 eam
746 3622 960 3695 auctoritate
983 3647 1103 3694 carere
1133 3620 1205 3693 iam
1227 3631 1392 3719 apparet,
1416 3620 1508 3694 reoi-

372 3743 521 3842 piendas
553 3743 778 3842 putauimus‚
816 3742 958 3814 sedita
989 3752 1027 3813 ut
1058 3741 1142 3812 inde
1171 3766 1191 3811 a
1220 3739 1315 3813 libro
1347 3741 1508 3814 seeundo

373 3862 546 3936 nonnulla
569 3863 710 3935 minora
732 3862 808 3936 eius
832 3861 921 3935 uitia
942 3859 1326 3960 praetermitteremus.
1356 3885 1401 3933 ne
1424 3857 1506 3957 quis

372 3995 493 4057 autem
523 3983 678 4056 miretur
710 3983 809 4081 quod
832 3982 971 4069 codex,
994 3979 1057 4078 qui
1089 3982 1273 4078 quondam
1305 3979 1343 4053 in
1373 3977 1506 4051 biblio·

371 4103 477 4177 theca
500 4103 657 4177 ciuitatis
681 4100 918 4175 Hildesiensis
951 4100 1092 4191 fuerat,
1128 4100 1237 4175 hodie
1268 4100 1306 4171 in
1328 4096 1507 4170 Vaticana

371 4221 596 4313 inueniatur3
619 4249 702 4296 nam
722 4221 814 4295 liber
836 4247 883 4294 ex
903 4247 944 4294 eo
968 4245 1119 4294 numero
1143 4231 1217 4310 est,
1241 4243 1331 4316 quos
1355 4243 1384 4290 a.
1407 4217 1503 4288 1623

371 4367 419 4416 ex
442 4342 659 4416 bibliotheca
683 4341 844 4416 Palatina
866 4340 1021 4414 Romam
1051 4352 1196 4413 aueotos
1226 4349 1262 4411 et
1290 4362 1338 4410 ex
1366 4335 1504 4408 littera-

370 4489 451 4536 rum
489 4465 570 4536 luee
606 4462 742 4535 ablatos
789 4486 866 4534 esse
902 4486 970 4533 nos
1007 4458 1177 4534 Germani
1217 4458 1324 4530 hodie
1360 4480 1506 4554 quoque

370 4609 513 4656 summo
559 4594 687 4656 nostro
730 4581 808 4653 iure
848 4580 1090 4678 deploramus.
1143 4577 1270 4650 similis
1306 4586 1362 4649 est
1398 4601 1507 4650 causa
