3834 5634
425 696 466 761 88
832 695 981 765 Sulpicii
998 693 1114 748 Seueri

374 854 414 918 11
443 849 611 919 'Eiusdem
637 850 759 934 reginae
787 850 930 915 beneficio
958 868 1031 914 crux
1057 850 1182 914 Domini
1208 852 1278 914 tum
1305 852 1439 932 reperta:
1462 870 1541 934 quae

422 971 519 1034 neque
538 952 571 1016 in
592 953 739 1034 principio
760 953 979 1018 obsistentibus
1000 953 1122 1017 Iudaeis
1143 953 1284 1033 potuerat
1304 954 1487 1032 consecrari,
1510 956 1542 1019 et

422 1055 527 1136 postea
541 1055 662 1120 onnus
675 1056 812 1120 ciuitatis
827 1074 969 1138 oppressa
984 1055 1158 1132 ruderibus,
1180 1072 1240 1119 non
1253 1055 1315 1120 nisi
1328 1057 1395 1121 tam
1409 1056 1542 1122 fideliter

395 1157 588 1238 arsqurenti
602 1158 715 1223 meruit
725 1158 852 1224 ostendi.
868 1159 966 1242 igitur
979 1157 1097 1223 Helena
1110 1157 1246 1239 primum
1260 1159 1378 1224 deloco
1392 1159 1542 1240 passionis

422 1260 532 1324 certior
546 1259 643 1339 facta,
660 1261 783 1326 admota
797 1261 927 1325 militari
942 1279 1035 1325 manu
1049 1261 1141 1342 atque
1155 1261 1293 1325 omnium
1306 1261 1542 1342 prouincialium
1564 1279 1576 1316 o

421 1362 621 1428 multitudino
635 1363 668 1427 in
682 1364 784 1428 studia
798 1364 921 1448 reginae
935 1363 1136 1440 certantium,
1159 1362 1250 1427 effodi
1272 1364 1387 1428 terram
1413 1365 1444 1428 et
1469 1381 1541 1429 con-

421 1464 509 1548 tigua
531 1483 666 1547 quaeque
688 1485 723 1531 ao
745 1467 923 1531 uastissima
944 1467 1102 1530 ruinarum
1123 1466 1249 1549 purgari
1263 1467 1364 1531 iubet:
1386 1484 1457 1530 mor
1471 1485 1541 1548 pre-

421 1567 501 1631 tium
526 1566 598 1632 fidei
618 1570 649 1632 et
673 1569 787 1634 laboris
805 1570 868 1633 tres
883 1569 998 1651 pariter
1011 1587 1129 1646 cruces,
1152 1570 1231 1633 siout
1255 1569 1330 1634 olim
1349 1569 1480 1634 Domino
1505 1588 1542 1634 ac

393 1668 590 1735 alatronibus
619 1671 735 1735 duobus
764 1670 841 1736 fixae
869 1670 1004 1749 fuerant,
1038 1671 1237 1753 reperiuntur.
1261 1672 1311 1736 hic
1340 1689 1413 1736 uero
1441 1672 1541 1736 maior

420 1772 595 1837 dinoscendi
609 1773 755 1854 patibuli,
772 1793 831 1855 quo
845 1774 995 1838 Dominus
1009 1775 1206 1857 pependerat,
1223 1774 1390 1839 difficultas
1402 1774 1541 1838 omnium
1550 1793 1576 1833 11

420 1875 538 1940 animos
557 1876 734 1957 mentesque
753 1876 946 1954 turbauerat,
969 1895 1007 1941 ne
1022 1894 1120 1941 errore
1140 1876 1319 1942 mortalium
1333 1876 1463 1942 forsitan
1485 1894 1540 1959 pro

391 1992 507 2048 4111111
532 1977 657 2042 Domini
691 1979 818 2043 latronis
841 1978 1016 2060 patibulum
1041 1981 1258 2044 consecrarent.
1282 1979 1406 2061 capiunt
1431 1979 1541 2044 deindo

420 2080 595 2158 consilium,
611 2080 646 2144 ut
661 2080 794 2162 aliquem
808 2100 911 2145 recens
925 2083 1082 2145 mortuum
1096 2082 1236 2146 crucibus
1256 2083 1461 2147 admouerent.
1484 2100 1541 2146 nec

420 2199 519 2260 mora,
542 2184 630 2264 quasi
644 2182 703 2248 Dei
715 2183 793 2248 nutu
809 2182 901 2248 funus
916 2183 1043 2248 extincti
1058 2184 1257 2249 sollemnibus
1272 2185 1406 2266 exequiis
1421 2183 1539 2250 defore·

391 2285 510 2366 5batur
523 2303 728 2368 concursuque
742 2287 879 2351 omnium
898 2286 1010 2351 feretro
1029 2305 1137 2368 corpus
1158 2287 1294 2369 cripitur.
1319 2287 1438 2352 duabus
1452 2287 1572 2368 priusn

418 2388 534 2452 frustra
549 2389 687 2454 crucibus
702 2389 849 2466 admotis,
865 2389 919 2453 ubi
934 2387 1049 2471 Christi
1059 2389 1198 2470 patibulo
1209 2389 1361 2454 attactum
1372 2391 1433 2467 est,
1450 2389 1539 2454 dictu

418 2490 574 2569 mnabile,
596 2492 820 2573 trepidantibus
835 2492 970 2570 cunctis,
993 2491 1085 2557 funus
1100 2511 1260 2557 excussum
1275 2493 1306 2556 et
1320 2492 1401 2556 inter
1415 2493 1538 2574 specta·

417 2594 497 2658 tores
512 2612 581 2658 suos
597 2594 712 2658 astitit:
736 2614 809 2659 crux
822 2596 942 2676 reperta
956 2595 1108 2677 dignoque
1123 2594 1242 2659 ambitu
1257 2597 1439 2660 consecrata.

367 2708 407 2772 35
459 2696 517 2760 His
531 2715 585 2777 per
599 2697 751 2761 Helenam
770 2696 881 2780 gestis,
903 2696 1039 2779 principe
1059 2695 1232 2762 Christiano
1251 2696 1428 2762 libertatem
1443 2699 1538 2779 atquo

417 2799 589 2880 exemplum
603 2798 675 2863 fidei
689 2799 821 2863 mundus
837 2801 1009 2881 acceperat:
1032 2800 1086 2864 sed
1105 2799 1195 2883 longe
1216 2801 1348 2865 atrocius
1363 2799 1572 2881 periculumoo

417 2900 533 2966 cunctis
562 2901 697 2966 ecclesiis
732 2902 787 2973 illa
819 2921 894 2983 pace
922 2903 1111 2986 generatum.
1144 2921 1275 2983 namque
1303 2905 1373 2967 tum
1401 2903 1536 2968 haeresis

416 3002 547 3068 Auriana
574 3005 713 3088 prorupit
746 3005 907 3087 totumque
940 3005 1044 3069 orbem
1077 3004 1189 3070 iniecto
1218 3023 1316 3069 errore
1345 3005 1534 3070 turbauerat.

388 3106 530 3170 2111111111
544 3106 661 3171 duobus
675 3106 776 3172 Arriis
791 3108 947 3173 acerrimis
967 3107 1111 3189 perfidiae
1129 3108 1221 3172 huius
1241 3107 1416 3172 auctoribus
1435 3108 1535 3189 impe·

415 3208 499 3273 rator
513 3209 607 3274 etiam
621 3210 814 3291 deprauatus,
830 3212 905 3274 dum
920 3211 979 3275 sibi
995 3210 1152 3294 religionis
1167 3210 1304 3274 officium
1324 3209 1448 3274 uidetur
1471 3211 1534 3274 im·

414 3312 511 3392 plere,
533 3313 599 3376 uim
613 3314 830 3394 persecutionis
856 3314 1005 3378 exercuit:
1033 3313 1155 3394 actique
1179 3313 1212 3376 in
1237 3311 1363 3377 erilium
1388 3313 1533 3395 episcopi,
1543 3338 1568 3380 11

414 3416 567 3481 saeuitum
586 3416 619 3480 in
639 3416 777 3494 clericos,
800 3417 1050 3482 animaduersum
1070 3416 1103 3479 in
1116 3415 1226 3492 laicos,
1248 3415 1301 3496 qui
1323 3433 1356 3479 se
1370 3414 1409 3479 ab
1424 3414 1533 3478 Arrio·

385 3534 482 3589 arum
503 3520 713 3584 communione
738 3521 938 3584 seoreuerant.
963 3537 1040 3600 quae
1065 3518 1170 3582 autem
1195 3516 1280 3580 Arrii
1303 3516 1531 3598 praedicabant,

413 3622 499 3686 erant
513 3621 703 3686 huiusmodi:
724 3623 844 3704 patrem
857 3623 959 3686 Deum
973 3620 1154 3685 instituendi
1176 3620 1257 3684 orbis
1278 3638 1370 3684 causa
1390 3619 1532 3702 genuisse

516 3807 531 3864 1
551 3824 604 3877 cap.
624 3807 662 3864 34
680 3824 711 3862 111
721 3807 829 3862 Paulini
846 3823 884 3876 cp.
904 3807 929 3866 5.
988 3807 1025 3863 27
1036 3824 1102 3876 —p.
1116 3805 1167 3870 89,
1190 3806 1208 3862 2
1227 3822 1257 3859 ex
1269 3805 1374 3859 Hilario
1385 3805 1480 3874 fragm
1493 3805 1531 3870 11,

413 3892 510 3950 26111
524 3893 581 3950 642
594 3894 632 3948 cd.
646 3894 739 3948 Veron.
754 3892 838 3950 1730.

463 4063 620 4132 lpciumP
671 4062 709 4118 10
719 4060 916 4130 dignoscendib
935 4063 947 4130 ΙΙ
964 4063 1067 4130 quoP:
1090 4061 1119 4114 in
1139 4077 1190 4129 quo
1214 4061 1229 4115 b
1295 4061 1332 4117 14
1349 4060 1428 4114 sunus
1441 4061 1479 4124 P,
1498 4066 1532 4115 ut

411 4150 479 4206 coni.
494 4149 635 4219 Sigonius:
647 4147 748 4202 funeris
759 4149 774 4201 b
791 4149 802 4214 ΙΙ
818 4147 897 4200 immo
910 4147 1079 4211 efferebatur,
1091 4153 1124 4200 at
1135 4147 1335 4214 Hofmaiateraa
1343 4161 1448 4214 qaoque
1456 4146 1531 4201 cicc

462 4236 500 4292 22
517 4234 630 4288 Arriano
642 4233 675 4287 dc
687 4234 786 4287 Proto:
805 4231 904 4284 arriani
922 4234 955 4297 P,
973 4232 1047 4286 Arrii
1064 4233 1080 4287 b
1098 4233 1137 4301 (P
1146 4249 1251 4302 semper
1267 4232 1346 4286 babet
1363 4232 1461 4295 arrius,
1480 4233 1531 4286 etat

410 4336 508 4377 nomeu
518 4326 557 4374 eat
566 4335 692 4390 praecum
699 4318 811 4390 Ἀρεῖος)
827 4321 839 4388 Η
855 4317 952 4372 iniecto
962 4320 1000 4372 P:
1014 4319 1118 4372 inuecto
1130 4319 1146 4372 b
1193 4305 1237 4373 24*
1243 4318 1403 4385 depracatus
1415 4317 1478 4370 dum
1490 4317 1530 4370 P:

410 4406 582 4476 deprauatur:
600 4404 713 4472 dumque
725 4405 740 4459 b
762 4405 774 4472 ΙΙ
793 4404 910 4474 regionis
922 4404 950 4457 P
1000 4403 1038 4460 26
1051 4403 1249 4457 animaduersus
1260 4404 1287 4456 P
1302 4405 1314 4471 ΙΙ
1329 4403 1501 4456 Arrianorum
1513 4403 1528 4457 b

461 4493 498 4549 27
511 4491 618 4546 Arriani
630 4491 645 4545 b
690 4488 728 4547 28
740 4489 919 4544 huiuscemodi
931 4490 947 4544 b
964 4491 976 4557 ΙΙ
991 4489 1069 4543 deum
1081 4490 1120 4543 P:
1134 4488 1241 4542 Domini
1254 4490 1269 4542 b
1281 4488 1383 4556 (praue
1393 4487 1531 4541 lucelborc

410 4577 567 4646 cornpeurtio
584 4578 615 4630 o'u
637 4575 741 4645 Pd1i1);
760 4576 835 4644 apud
856 4576 1000 4629 littorium
1020 4582 1071 4629 est:
1094 4574 1237 4628 tradebant
1257 4576 1346 4628 antem
1366 4572 1426 4626 Arii
1446 4572 1529 4626 talia:

409 4666 512 4730 patrem
532 4663 617 4716 Deum
641 4661 799 4715 instituendi
819 4661 890 4714 orbis
914 4676 993 4714 causa
1013 4660 1135 4730 genuisse
1155 4659 1253 4722 tilium,
1281 4661 1308 4712 et
1328 4674 1376 4726 pro
1395 4659 1530 4725 potestate
