<?xml version="1.0" encoding="UTF-8"?>
<!DOCTYPE html PUBLIC "-//W3C//DTD XHTML 1.0 Transitional//EN"
    "http://www.w3.org/TR/xhtml1/DTD/xhtml1-transitional.dtd">
<html xmlns="http://www.w3.org/1999/xhtml" xml:lang="en" lang="en">
 <head>
  <title>
</title>
<meta http-equiv="Content-Type" content="text/html;charset=utf-8" />
  <meta name='ocr-system' content='tesseract 3.04.00' />
  <meta name='ocr-capabilities' content='ocr_page ocr_carea ocr_par ocr_line ocrx_word'/>
</head>
<body>
  <div class='ocr_page' id='page_1' title='image "./sulpiciiseveril00sevegoog_0086.png"; bbox 0 0 3834 5634; ppageno 0'>
   <div class='ocr_carea' id='block_1_1' title="bbox 465 745 1165 815">
    <p class='ocr_par' dir='ltr' id='par_1_1' title="bbox 465 745 1165 815">
     <span class='ocr_line' id='line_1_1' title="bbox 465 745 1165 815; baseline 0 -15"><span class='ocrx_word' id='word_1_1' title='bbox 465 745 506 811; x_wconf 87' lang='grc'>68</span> <span class='ocrx_word' id='word_1_2' title='bbox 879 745 1026 815; x_wconf 84' lang='lat' dir='ltr'>Sulpicii</span> <span class='ocrx_word' id='word_1_3' title='bbox 1050 745 1165 800; x_wconf 86' lang='lat' dir='ltr'>Seueri</span> 
     </span>
    </p>
   </div>
   <div class='ocr_carea' id='block_1_2' title="bbox 464 855 1585 982">
    <p class='ocr_par' dir='ltr' id='par_1_2' title="bbox 464 855 1585 982">
     <span class='ocr_line' id='line_1_2' title="bbox 464 855 1585 982; baseline -0.003 -16"><span class='ocrx_word' id='word_1_4' title='bbox 464 899 589 966; x_wconf 91' lang='lat' dir='ltr'>tudinis.</span> <span class='ocrx_word' id='word_1_5' title='bbox 619 900 705 964; x_wconf 90' lang='lat' dir='ltr'>cuius</span> <span class='ocrx_word' id='word_1_6' title='bbox 731 919 800 965; x_wconf 90' lang='lat' dir='ltr'>cum</span> <span class='ocrx_word' id='word_1_7' title='bbox 825 855 956 966; x_wconf 85' lang='lat' dir='ltr'>formam</span> <span class='ocrx_word' id='word_1_8' title='bbox 978 901 1119 965; x_wconf 91' lang='lat' dir='ltr'>omnibus</span> <span class='ocrx_word' id='word_1_9' title='bbox 1140 901 1344 982; x_wconf 79' lang='lat' dir='ltr'>praedicaret,</span> <span class='ocrx_word' id='word_1_10' title='bbox 1370 899 1420 963; x_wconf 92' lang='lat' dir='ltr'>die</span> <span class='ocrx_word' id='word_1_11' title='bbox 1441 899 1585 981; x_wconf 92' lang='lat' dir='ltr'>quodam,</span> 
     </span>
    </p>
   </div>
   <div class='ocr_carea' id='block_1_3' title="bbox 414 1001 1620 4060">
    <p class='ocr_par' dir='ltr' id='par_1_3' title="bbox 435 1001 1620 2318">
     <span class='ocr_line' id='line_1_3' title="bbox 464 1001 1584 1087; baseline -0.003 -19"><span class='ocrx_word' id='word_1_12' title='bbox 464 1020 535 1068; x_wconf 91' lang='lat' dir='ltr'>oum</span> <span class='ocrx_word' id='word_1_13' title='bbox 548 1002 706 1086; x_wconf 90' lang='lat' dir='ltr'>publicum</span> <span class='ocrx_word' id='word_1_14' title='bbox 720 1003 896 1068; x_wconf 90' lang='lat' dir='ltr'>conuiuium</span> <span class='ocrx_word' id='word_1_15' title='bbox 911 1003 1020 1082; x_wconf 88' lang='lat' dir='ltr'>dabat,</span> <span class='ocrx_word' id='word_1_16' title='bbox 1046 1004 1150 1068; x_wconf 91' lang='lat' dir='ltr'>adesse</span> <span class='ocrx_word' id='word_1_17' title='bbox 1171 1004 1310 1087; x_wconf 81' lang='lat' dir='ltr'>reginam</span> <span class='ocrx_word' id='word_1_18' title='bbox 1331 1001 1584 1067; x_wconf 70' lang='lat' dir='ltr'>demonstrandae</span> 
     </span>
     <span class='ocr_line' id='line_1_4' title="bbox 435 1104 1583 1189; baseline -0.003 -19"><span class='ocrx_word' id='word_1_19' title='bbox 435 1105 699 1188; x_wconf 73' lang='lat' dir='ltr'>epulchritudinis</span> <span class='ocrx_word' id='word_1_20' title='bbox 714 1106 815 1189; x_wconf 89' lang='lat' dir='ltr'>gratia</span> <span class='ocrx_word' id='word_1_21' title='bbox 829 1105 922 1170; x_wconf 91' lang='grc'><strong>11101.</strong></span> <span class='ocrx_word' id='word_1_22' title='bbox 938 1106 995 1170; x_wconf 93' lang='lat' dir='ltr'>illa</span> <span class='ocrx_word' id='word_1_23' title='bbox 1005 1124 1077 1171; x_wconf 90' lang='lat' dir='ltr'>uero</span> <span class='ocrx_word' id='word_1_24' title='bbox 1088 1106 1185 1170; x_wconf 88' lang='lat' dir='ltr'>stulto</span> <span class='ocrx_word' id='word_1_25' title='bbox 1196 1124 1266 1188; x_wconf 91' lang='lat' dir='ltr'>rege</span> <span class='ocrx_word' id='word_1_26' title='bbox 1280 1104 1454 1182; x_wconf 88' lang='lat' dir='ltr'>consultior,</span> <span class='ocrx_word' id='word_1_27' title='bbox 1466 1104 1583 1185; x_wconf 89' lang='lat' dir='ltr'>pudens</span> 
     </span>
     <span class='ocr_line' id='line_1_5' title="bbox 463 1206 1583 1291; baseline -0.005 -16"><span class='ocrx_word' id='word_1_28' title='bbox 463 1207 599 1275; x_wconf 87' lang='lat' dir='ltr'>uirorum</span> <span class='ocrx_word' id='word_1_29' title='bbox 614 1208 709 1272; x_wconf 90' lang='lat' dir='ltr'>oeulis</span> <span class='ocrx_word' id='word_1_30' title='bbox 724 1208 931 1290; x_wconf 77' lang='lat' dir='ltr'>spectaculum</span> <span class='ocrx_word' id='word_1_31' title='bbox 950 1209 1082 1291; x_wconf 87' lang='lat' dir='ltr'>corporis</span> <span class='ocrx_word' id='word_1_32' title='bbox 1103 1209 1259 1291; x_wconf 91' lang='lat' dir='ltr'>praebere,</span> <span class='ocrx_word' id='word_1_33' title='bbox 1282 1208 1365 1273; x_wconf 90' lang='lat' dir='ltr'>iussa</span> <span class='ocrx_word' id='word_1_34' title='bbox 1379 1206 1497 1272; x_wconf 89' lang='lat' dir='ltr'>abnuit.</span> <span class='ocrx_word' id='word_1_35' title='bbox 1521 1224 1583 1286; x_wconf 88' lang='lat' dir='ltr'>qua</span> 
     </span>
     <span class='ocr_line' id='line_1_6' title="bbox 463 1308 1619 1392; baseline -0.004 -18"><span class='ocrx_word' id='word_1_36' title='bbox 463 1310 647 1374; x_wconf 82' lang='grc'><strong>0011111010</strong></span> <span class='ocrx_word' id='word_1_37' title='bbox 657 1310 804 1375; x_wconf 90' lang='lat' dir='ltr'>barbarus</span> <span class='ocrx_word' id='word_1_38' title='bbox 816 1310 935 1375; x_wconf 89' lang='lat' dir='ltr'>animus</span> <span class='ocrx_word' id='word_1_39' title='bbox 946 1314 1103 1392; x_wconf 86' lang='lat' dir='ltr'>permotus</span> <span class='ocrx_word' id='word_1_40' title='bbox 1114 1329 1238 1376; x_wconf 84' lang='lat' dir='ltr'>uxorem</span> <span class='ocrx_word' id='word_1_41' title='bbox 1246 1309 1441 1377; x_wconf 88' lang='lat' dir='ltr'>matrimonio</span> <span class='ocrx_word' id='word_1_42' title='bbox 1453 1327 1489 1374; x_wconf 89' lang='lat' dir='ltr'>ac</span> <span class='ocrx_word' id='word_1_43' title='bbox 1498 1308 1584 1391; x_wconf 89' lang='lat' dir='ltr'>regia</span> <span class='ocrx_word' id='word_1_44' title='bbox 1608 1326 1619 1368; x_wconf 81' lang='grc'>1</span> 
     </span>
     <span class='ocr_line' id='line_1_7' title="bbox 435 1412 1584 1498; baseline -0.001 -23"><span class='ocrx_word' id='word_1_45' title='bbox 435 1413 596 1495; x_wconf 83' lang='lat' dir='ltr'>odcpellit.</span> <span class='ocrx_word' id='word_1_46' title='bbox 620 1412 717 1496; x_wconf 90' lang='lat' dir='ltr'>igitur</span> <span class='ocrx_word' id='word_1_47' title='bbox 738 1432 809 1478; x_wconf 90' lang='lat' dir='ltr'>eum</span> <span class='ocrx_word' id='word_1_48' title='bbox 829 1413 862 1477; x_wconf 93' lang='lat' dir='ltr'>in</span> <span class='ocrx_word' id='word_1_49' title='bbox 883 1414 985 1478; x_wconf 90' lang='lat' dir='ltr'>locum</span> <span class='ocrx_word' id='word_1_50' title='bbox 998 1414 1063 1478; x_wconf 93' lang='lat' dir='ltr'>eius</span> <span class='ocrx_word' id='word_1_51' title='bbox 1076 1415 1180 1496; x_wconf 86' lang='lat' dir='ltr'>puella</span> <span class='ocrx_word' id='word_1_52' title='bbox 1201 1414 1282 1498; x_wconf 86' lang='lat' dir='ltr'>regis</span> <span class='ocrx_word' id='word_1_53' title='bbox 1297 1412 1437 1496; x_wconf 91' lang='lat' dir='ltr'>coniugio</span> <span class='ocrx_word' id='word_1_54' title='bbox 1456 1428 1584 1493; x_wconf 87' lang='lat' dir='ltr'>quaere-</span> 
     </span>
     <span class='ocr_line' id='line_1_8' title="bbox 463 1514 1584 1598; baseline -0.004 -18"><span class='ocrx_word' id='word_1_55' title='bbox 463 1514 561 1594; x_wconf 82' lang='lat' dir='ltr'>retur,</span> <span class='ocrx_word' id='word_1_56' title='bbox 583 1531 702 1597; x_wconf 84' lang='lat' dir='ltr'>reparta</span> <span class='ocrx_word' id='word_1_57' title='bbox 723 1517 770 1580; x_wconf 88' lang='lat' dir='ltr'>est</span> <span class='ocrx_word' id='word_1_58' title='bbox 784 1516 895 1580; x_wconf 78' lang='lat' dir='ltr'>Esther</span> <span class='ocrx_word' id='word_1_59' title='bbox 916 1518 1030 1581; x_wconf 87' lang='lat' dir='ltr'>ceteras</span> <span class='ocrx_word' id='word_1_60' title='bbox 1052 1517 1150 1598; x_wconf 91' lang='lat' dir='ltr'>specie</span> <span class='ocrx_word' id='word_1_61' title='bbox 1172 1517 1300 1581; x_wconf 88' lang='lat' dir='ltr'>uincere.</span> <span class='ocrx_word' id='word_1_62' title='bbox 1323 1517 1398 1580; x_wconf 89' lang='lat' dir='ltr'>haee</span> <span class='ocrx_word' id='word_1_63' title='bbox 1413 1514 1527 1579; x_wconf 90' lang='lat' dir='ltr'>Iudaea</span> <span class='ocrx_word' id='word_1_64' title='bbox 1547 1531 1584 1576; x_wconf 88' lang='lat' dir='ltr'>cr</span> 
     </span>
     <span class='ocr_line' id='line_1_9' title="bbox 462 1615 1583 1700; baseline -0.004 -18"><span class='ocrx_word' id='word_1_65' title='bbox 462 1618 547 1683; x_wconf 90' lang='lat' dir='ltr'>tribu</span> <span class='ocrx_word' id='word_1_66' title='bbox 571 1618 746 1696; x_wconf 86' lang='lat' dir='ltr'>Beniamin,</span> <span class='ocrx_word' id='word_1_67' title='bbox 772 1619 900 1700; x_wconf 90' lang='lat' dir='ltr'>utroque</span> <span class='ocrx_word' id='word_1_68' title='bbox 925 1620 1049 1700; x_wconf 88' lang='lat' dir='ltr'>parente</span> <span class='ocrx_word' id='word_1_69' title='bbox 1071 1620 1158 1698; x_wconf 91' lang='lat' dir='ltr'>orba,</span> <span class='ocrx_word' id='word_1_70' title='bbox 1185 1639 1203 1684; x_wconf 91' lang='lat' dir='ltr'>a</span> <span class='ocrx_word' id='word_1_71' title='bbox 1224 1618 1422 1684; x_wconf 90' lang='lat' dir='ltr'>Mardochaeo</span> <span class='ocrx_word' id='word_1_72' title='bbox 1448 1615 1583 1698; x_wconf 88' lang='lat' dir='ltr'>patrueli</span> 
     </span>
     <span class='ocr_line' id='line_1_10' title="bbox 436 1719 1581 1804; baseline -0.003 -18"><span class='ocrx_word' id='word_1_73' title='bbox 436 1719 557 1786; x_wconf 83' lang='lat' dir='ltr'>sfratre</span> <span class='ocrx_word' id='word_1_74' title='bbox 571 1721 688 1785; x_wconf 90' lang='lat' dir='ltr'>educta.</span> <span class='ocrx_word' id='word_1_75' title='bbox 713 1740 783 1786; x_wconf 90' lang='lat' dir='ltr'>cum</span> <span class='ocrx_word' id='word_1_76' title='bbox 797 1721 836 1786; x_wconf 90' lang='lat' dir='ltr'>ad</span> <span class='ocrx_word' id='word_1_77' title='bbox 850 1721 968 1804; x_wconf 85' lang='lat' dir='ltr'>regales</span> <span class='ocrx_word' id='word_1_78' title='bbox 981 1722 1105 1804; x_wconf 86' lang='lat' dir='ltr'>nuptias</span> <span class='ocrx_word' id='word_1_79' title='bbox 1122 1723 1295 1799; x_wconf 87' lang='lat' dir='ltr'>duceretur,</span> <span class='ocrx_word' id='word_1_80' title='bbox 1318 1721 1483 1789; x_wconf 88' lang='lat' dir='ltr'>mandante</span> <span class='ocrx_word' id='word_1_81' title='bbox 1505 1719 1581 1783; x_wconf 90' lang='lat' dir='ltr'>odu-</span> 
     </span>
     <span class='ocr_line' id='line_1_11' title="bbox 463 1811 1620 1906; baseline -0.003 -18"><span class='ocrx_word' id='word_1_82' title='bbox 463 1824 563 1888; x_wconf 86' lang='lat' dir='ltr'>catore</span> <span class='ocrx_word' id='word_1_83' title='bbox 574 1841 669 1906; x_wconf 89' lang='lat' dir='ltr'>genus</span> <span class='ocrx_word' id='word_1_84' title='bbox 683 1827 711 1886; x_wconf 83' lang='grc'>01</span> <span class='ocrx_word' id='word_1_85' title='bbox 724 1811 858 1904; x_wconf 89' lang='lat' dir='ltr'>patriam</span> <span class='ocrx_word' id='word_1_86' title='bbox 870 1824 1046 1902; x_wconf 87' lang='lat' dir='ltr'>occultauit,</span> <span class='ocrx_word' id='word_1_87' title='bbox 1059 1824 1215 1889; x_wconf 89' lang='lat' dir='ltr'>admonita</span> <span class='ocrx_word' id='word_1_88' title='bbox 1225 1843 1263 1888; x_wconf 89' lang='lat' dir='ltr'>ne</span> <span class='ocrx_word' id='word_1_89' title='bbox 1273 1825 1471 1905; x_wconf 90' lang='lat' dir='ltr'>paternarum</span> <span class='ocrx_word' id='word_1_90' title='bbox 1482 1820 1584 1886; x_wconf 89' lang='lat' dir='ltr'>tradi·</span> <span class='ocrx_word' id='word_1_91' title='bbox 1595 1836 1620 1877; x_wconf 88' lang='lat'>1⁰</span> 
     </span>
     <span class='ocr_line' id='line_1_12' title="bbox 462 1925 1582 2010; baseline -0.002 -20"><span class='ocrx_word' id='word_1_92' title='bbox 462 1925 582 1990; x_wconf 93' lang='lat' dir='ltr'>tionum</span> <span class='ocrx_word' id='word_1_93' title='bbox 596 1925 765 2003; x_wconf 90' lang='lat' dir='ltr'>immemor,</span> <span class='ocrx_word' id='word_1_94' title='bbox 777 1927 836 1990; x_wconf 90' lang='lat' dir='ltr'>etsi</span> <span class='ocrx_word' id='word_1_95' title='bbox 850 1926 883 1989; x_wconf 90' lang='lat' dir='ltr'>in</span> <span class='ocrx_word' id='word_1_96' title='bbox 893 1926 1125 1991; x_wconf 87' lang='lat' dir='ltr'>matrimonium</span> <span class='ocrx_word' id='word_1_97' title='bbox 1136 1927 1323 2010; x_wconf 83' lang='lat' dir='ltr'>alienigenae</span> <span class='ocrx_word' id='word_1_98' title='bbox 1338 1925 1462 2008; x_wconf 90' lang='lat' dir='ltr'>captiua</span> <span class='ocrx_word' id='word_1_99' title='bbox 1477 1942 1582 1989; x_wconf 89' lang='lat' dir='ltr'>succe·</span> 
     </span>
     <span class='ocr_line' id='line_1_13' title="bbox 435 2026 1588 2113; baseline -0.003 -19"><span class='ocrx_word' id='word_1_100' title='bbox 435 2028 561 2105; x_wconf 68' lang='lat' dir='ltr'>ideret,</span> <span class='ocrx_word' id='word_1_101' title='bbox 584 2027 748 2111; x_wconf 89' lang='lat' dir='ltr'>gentilium</span> <span class='ocrx_word' id='word_1_102' title='bbox 771 2029 846 2093; x_wconf 87' lang='lat' dir='ltr'>cibis</span> <span class='ocrx_word' id='word_1_103' title='bbox 861 2029 1068 2111; x_wconf 88' lang='lat' dir='ltr'>participaret.</span> <span class='ocrx_word' id='word_1_104' title='bbox 1091 2029 1188 2113; x_wconf 91' lang='lat' dir='ltr'>igitur</span> <span class='ocrx_word' id='word_1_105' title='bbox 1212 2029 1317 2093; x_wconf 90' lang='lat' dir='ltr'>iuncta</span> <span class='ocrx_word' id='word_1_106' title='bbox 1342 2029 1407 2112; x_wconf 89' lang='lat' dir='ltr'>regi</span> <span class='ocrx_word' id='word_1_107' title='bbox 1427 2027 1529 2105; x_wconf 90' lang='lat' dir='ltr'>breui,</span> <span class='ocrx_word' id='word_1_108' title='bbox 1550 2026 1588 2091; x_wconf 93' lang='lat' dir='ltr'>ut</span> 
     </span>
     <span class='ocr_line' id='line_1_14' title="bbox 461 2129 1577 2214; baseline -0.001 -20"><span class='ocrx_word' id='word_1_109' title='bbox 461 2129 506 2208; x_wconf 91' lang='lat' dir='ltr'>fit,</span> <span class='ocrx_word' id='word_1_110' title='bbox 518 2129 551 2194; x_wconf 89' lang='lat' dir='ltr'>ui</span> <span class='ocrx_word' id='word_1_111' title='bbox 561 2130 797 2212; x_wconf 90' lang='lat' dir='ltr'>pulchritudinis</span> <span class='ocrx_word' id='word_1_112' title='bbox 812 2133 913 2196; x_wconf 88' lang='lat' dir='ltr'>totum</span> <span class='ocrx_word' id='word_1_113' title='bbox 928 2132 992 2196; x_wconf 93' lang='lat' dir='ltr'>eius</span> <span class='ocrx_word' id='word_1_114' title='bbox 1007 2131 1144 2197; x_wconf 86' lang='lat' dir='ltr'>animum</span> <span class='ocrx_word' id='word_1_115' title='bbox 1159 2131 1248 2196; x_wconf 88' lang='lat' dir='ltr'>iacile</span> <span class='ocrx_word' id='word_1_116' title='bbox 1263 2131 1353 2214; x_wconf 88' lang='lat' dir='ltr'>cepit,</span> <span class='ocrx_word' id='word_1_117' title='bbox 1368 2131 1442 2194; x_wconf 86' lang='lat' dir='ltr'>adeo</span> <span class='ocrx_word' id='word_1_118' title='bbox 1456 2132 1493 2194; x_wconf 92' lang='lat' dir='ltr'>ut</span> <span class='ocrx_word' id='word_1_119' title='bbox 1507 2148 1577 2194; x_wconf 90' lang='lat' dir='ltr'>eam</span> 
     </span>
     <span class='ocr_line' id='line_1_15' title="bbox 463 2233 1414 2318; baseline 0 -22"><span class='ocrx_word' id='word_1_120' title='bbox 463 2233 623 2314; x_wconf 86' lang='lat' dir='ltr'>aequatam</span> <span class='ocrx_word' id='word_1_121' title='bbox 637 2233 764 2314; x_wconf 91' lang='lat' dir='ltr'>imperio</span> <span class='ocrx_word' id='word_1_122' title='bbox 779 2233 893 2317; x_wconf 90' lang='lat' dir='ltr'>insigni</span> <span class='ocrx_word' id='word_1_123' title='bbox 908 2235 1000 2318; x_wconf 92' lang='lat' dir='ltr'>regio,</span> <span class='ocrx_word' id='word_1_124' title='bbox 1016 2235 1100 2298; x_wconf 89' lang='lat' dir='ltr'>ueste</span> <span class='ocrx_word' id='word_1_125' title='bbox 1114 2253 1265 2317; x_wconf 89' lang='lat' dir='ltr'>purpurea</span> <span class='ocrx_word' id='word_1_126' title='bbox 1280 2234 1414 2298; x_wconf 88' lang='lat' dir='ltr'>donaret.</span> 
     </span>
    </p>

    <p class='ocr_par' dir='ltr' id='par_1_4' title="bbox 414 2332 1618 2625">
     <span class='ocr_line' id='line_1_16' title="bbox 414 2332 1618 2419; baseline 0.002 -21"><span class='ocrx_word' id='word_1_127' title='bbox 414 2342 453 2406; x_wconf 75' lang='lat'>18</span> <span class='ocrx_word' id='word_1_128' title='bbox 505 2332 572 2412; x_wconf 79' lang='lat' dir='ltr'>Qua</span> <span class='ocrx_word' id='word_1_129' title='bbox 593 2336 774 2418; x_wconf 90' lang='lat' dir='ltr'>tempestate</span> <span class='ocrx_word' id='word_1_130' title='bbox 795 2337 1013 2401; x_wconf 88' lang='lat' dir='ltr'>Mardochaeus</span> <span class='ocrx_word' id='word_1_131' title='bbox 1040 2337 1120 2401; x_wconf 88' lang='lat' dir='ltr'>inter</span> <span class='ocrx_word' id='word_1_132' title='bbox 1147 2337 1299 2419; x_wconf 86' lang='lat' dir='ltr'>proximos</span> <span class='ocrx_word' id='word_1_133' title='bbox 1327 2336 1408 2419; x_wconf 90' lang='lat' dir='ltr'>regis</span> <span class='ocrx_word' id='word_1_134' title='bbox 1431 2337 1506 2412; x_wconf 89' lang='lat' dir='ltr'>erat,</span> <span class='ocrx_word' id='word_1_135' title='bbox 1529 2352 1585 2418; x_wconf 87' lang='lat' dir='ltr'>pro</span> <span class='ocrx_word' id='word_1_136' title='bbox 1594 2358 1618 2400; x_wconf 79' lang='lat' dir='ltr'>a</span> 
     </span>
     <span class='ocr_line' id='line_1_17' title="bbox 461 2437 1585 2522; baseline 0 -20"><span class='ocrx_word' id='word_1_137' title='bbox 461 2437 546 2502; x_wconf 90' lang='lat' dir='ltr'>uirili</span> <span class='ocrx_word' id='word_1_138' title='bbox 567 2439 704 2520; x_wconf 82' lang='lat' dir='ltr'>portione</span> <span class='ocrx_word' id='word_1_139' title='bbox 724 2439 918 2522; x_wconf 89' lang='lat' dir='ltr'>negotiorum</span> <span class='ocrx_word' id='word_1_140' title='bbox 938 2438 1141 2505; x_wconf 88' lang='lat' dir='ltr'>familiarium</span> <span class='ocrx_word' id='word_1_141' title='bbox 1163 2441 1291 2504; x_wconf 90' lang='lat' dir='ltr'>curator.</span> <span class='ocrx_word' id='word_1_142' title='bbox 1315 2439 1343 2502; x_wconf 92' lang='lat' dir='ltr'>is</span> <span class='ocrx_word' id='word_1_143' title='bbox 1366 2437 1585 2519; x_wconf 86' lang='lat' dir='ltr'>compositasa</span> 
     </span>
     <span class='ocr_line' id='line_1_18' title="bbox 461 2540 1584 2625; baseline -0.001 -21"><span class='ocrx_word' id='word_1_144' title='bbox 461 2541 578 2605; x_wconf 90' lang='lat' dir='ltr'>duobus</span> <span class='ocrx_word' id='word_1_145' title='bbox 600 2541 784 2623; x_wconf 91' lang='lat' dir='ltr'>spadonibus</span> <span class='ocrx_word' id='word_1_146' title='bbox 805 2542 870 2625; x_wconf 90' lang='lat' dir='ltr'>regi</span> <span class='ocrx_word' id='word_1_147' title='bbox 892 2542 1021 2606; x_wconf 90' lang='lat' dir='ltr'>insidias</span> <span class='ocrx_word' id='word_1_148' title='bbox 1042 2542 1232 2623; x_wconf 84' lang='lat' dir='ltr'>prodiderat,</span> <span class='ocrx_word' id='word_1_149' title='bbox 1259 2542 1350 2623; x_wconf 89' lang='lat' dir='ltr'>atque</span> <span class='ocrx_word' id='word_1_150' title='bbox 1371 2559 1407 2604; x_wconf 94' lang='grc'>01</span> <span class='ocrx_word' id='word_1_151' title='bbox 1428 2557 1463 2605; x_wconf 97' lang='grc'>00</span> <span class='ocrx_word' id='word_1_152' title='bbox 1485 2540 1584 2604; x_wconf 88' lang='lat' dir='ltr'>carior</span> 
     </span>
    </p>

    <p class='ocr_par' dir='ltr' id='par_1_5' title="bbox 434 2642 1619 2929">
     <span class='ocr_line' id='line_1_19' title="bbox 434 2642 1582 2727; baseline 0.002 -21"><span class='ocrx_word' id='word_1_153' title='bbox 434 2643 649 2724; x_wconf 70' lang='lat' dir='ltr'>ssummisque</span> <span class='ocrx_word' id='word_1_154' title='bbox 673 2644 836 2707; x_wconf 89' lang='lat' dir='ltr'>honoribus</span> <span class='ocrx_word' id='word_1_155' title='bbox 861 2644 1001 2709; x_wconf 88' lang='lat' dir='ltr'>donatus.</span> <span class='ocrx_word' id='word_1_156' title='bbox 1028 2647 1094 2709; x_wconf 86' lang='lat' dir='ltr'>erat</span> <span class='ocrx_word' id='word_1_157' title='bbox 1120 2663 1156 2709; x_wconf 91' lang='lat' dir='ltr'>ea</span> <span class='ocrx_word' id='word_1_158' title='bbox 1180 2644 1361 2727; x_wconf 86' lang='lat' dir='ltr'>tempestato</span> <span class='ocrx_word' id='word_1_159' title='bbox 1386 2643 1451 2726; x_wconf 91' lang='lat' dir='ltr'>regi</span> <span class='ocrx_word' id='word_1_160' title='bbox 1477 2642 1582 2708; x_wconf 85' lang='lat' dir='ltr'>Aman</span> 
     </span>
     <span class='ocr_line' id='line_1_20' title="bbox 462 2745 1581 2828; baseline 0 -19"><span class='ocrx_word' id='word_1_161' title='bbox 462 2746 586 2827; x_wconf 91' lang='lat' dir='ltr'>quidam</span> <span class='ocrx_word' id='word_1_162' title='bbox 607 2745 837 2827; x_wconf 85' lang='lat' dir='ltr'>perfamiliaris,</span> <span class='ocrx_word' id='word_1_163' title='bbox 860 2764 950 2827; x_wconf 91' lang='lat' dir='ltr'>quem</span> <span class='ocrx_word' id='word_1_164' title='bbox 973 2749 1137 2828; x_wconf 90' lang='lat' dir='ltr'>aequatum</span> <span class='ocrx_word' id='word_1_165' title='bbox 1158 2747 1218 2810; x_wconf 92' lang='grc'><strong>0111</strong></span> <span class='ocrx_word' id='word_1_166' title='bbox 1239 2746 1358 2811; x_wconf 87' lang='lat' dir='ltr'>adorari</span> <span class='ocrx_word' id='word_1_167' title='bbox 1373 2764 1456 2810; x_wconf 94' lang='lat' dir='ltr'>more</span> <span class='ocrx_word' id='word_1_168' title='bbox 1471 2763 1581 2828; x_wconf 89' lang='lat' dir='ltr'>regum</span> 
     </span>
     <span class='ocr_line' id='line_1_21' title="bbox 460 2847 1619 2929; baseline 0.001 -18"><span class='ocrx_word' id='word_1_169' title='bbox 460 2848 660 2929; x_wconf 87' lang='lat' dir='ltr'>praeceperat.</span> <span class='ocrx_word' id='word_1_170' title='bbox 689 2848 722 2911; x_wconf 90' lang='lat' dir='ltr'>id</span> <span class='ocrx_word' id='word_1_171' title='bbox 743 2848 960 2913; x_wconf 90' lang='lat' dir='ltr'>Mardochaeus</span> <span class='ocrx_word' id='word_1_172' title='bbox 982 2867 1061 2913; x_wconf 90' lang='lat' dir='ltr'>unus</span> <span class='ocrx_word' id='word_1_173' title='bbox 1082 2869 1118 2913; x_wconf 90' lang='grc'>01</span> <span class='ocrx_word' id='word_1_174' title='bbox 1139 2849 1280 2913; x_wconf 91' lang='lat' dir='ltr'>omnibus</span> <span class='ocrx_word' id='word_1_175' title='bbox 1301 2847 1398 2913; x_wconf 89' lang='lat' dir='ltr'>faeere</span> <span class='ocrx_word' id='word_1_176' title='bbox 1420 2847 1619 2912; x_wconf 79' lang='lat' dir='ltr'>fastidiensae</span> 
     </span>
    </p>

    <p class='ocr_par' dir='ltr' id='par_1_6' title="bbox 433 2948 1617 3444">
     <span class='ocr_line' id='line_1_22' title="bbox 433 2948 1581 3035; baseline 0.002 -21"><span class='ocrx_word' id='word_1_177' title='bbox 433 2949 532 3014; x_wconf 75' lang='lat' dir='ltr'>sodia</span> <span class='ocrx_word' id='word_1_178' title='bbox 545 2950 656 3014; x_wconf 89' lang='lat' dir='ltr'>Persae</span> <span class='ocrx_word' id='word_1_179' title='bbox 670 2950 702 3014; x_wconf 93' lang='lat' dir='ltr'>in</span> <span class='ocrx_word' id='word_1_180' title='bbox 717 2969 747 3015; x_wconf 89' lang='lat' dir='ltr'>sc</span> <span class='ocrx_word' id='word_1_181' title='bbox 762 2951 898 3033; x_wconf 87' lang='lat' dir='ltr'>grauiter</span> <span class='ocrx_word' id='word_1_182' title='bbox 912 2953 1096 3016; x_wconf 85' lang='lat' dir='ltr'>accenderat.</span> <span class='ocrx_word' id='word_1_183' title='bbox 1119 2952 1217 3035; x_wconf 88' lang='lat' dir='ltr'>igitur</span> <span class='ocrx_word' id='word_1_184' title='bbox 1231 2948 1345 3016; x_wconf 84' lang='lat' dir='ltr'>Aman‘</span> <span class='ocrx_word' id='word_1_185' title='bbox 1355 2952 1394 3016; x_wconf 93' lang='lat' dir='ltr'>ad</span> <span class='ocrx_word' id='word_1_186' title='bbox 1415 2951 1581 3033; x_wconf 88' lang='lat' dir='ltr'>pamiciem</span> 
     </span>
     <span class='ocr_line' id='line_1_23' title="bbox 462 3052 1583 3138; baseline 0.002 -23"><span class='ocrx_word' id='word_1_187' title='bbox 462 3052 595 3116; x_wconf 88' lang='lat' dir='ltr'>Hebraei</span> <span class='ocrx_word' id='word_1_188' title='bbox 609 3052 747 3117; x_wconf 90' lang='lat' dir='ltr'>animum</span> <span class='ocrx_word' id='word_1_189' title='bbox 761 3053 919 3118; x_wconf 90' lang='lat' dir='ltr'>intendens</span> <span class='ocrx_word' id='word_1_190' title='bbox 932 3073 1035 3138; x_wconf 91' lang='lat' dir='ltr'>regem</span> <span class='ocrx_word' id='word_1_191' title='bbox 1050 3055 1116 3119; x_wconf 90' lang='lat' dir='ltr'>adit</span> <span class='ocrx_word' id='word_1_192' title='bbox 1131 3054 1338 3136; x_wconf 87' lang='lat' dir='ltr'>affirmatque,</span> <span class='ocrx_word' id='word_1_193' title='bbox 1364 3072 1428 3118; x_wconf 89' lang='lat' dir='ltr'>esse</span> <span class='ocrx_word' id='word_1_194' title='bbox 1442 3054 1475 3118; x_wconf 94' lang='lat' dir='ltr'>in</span> <span class='ocrx_word' id='word_1_195' title='bbox 1489 3071 1583 3137; x_wconf 88' lang='lat' dir='ltr'>regno</span> 
     </span>
     <span class='ocr_line' id='line_1_24' title="bbox 458 3153 1584 3239; baseline 0.004 -22"><span class='ocrx_word' id='word_1_196' title='bbox 458 3153 527 3217; x_wconf 90' lang='grc'><strong>0110</strong></span> <span class='ocrx_word' id='word_1_197' title='bbox 548 3154 706 3219; x_wconf 89' lang='lat' dir='ltr'>hominum</span> <span class='ocrx_word' id='word_1_198' title='bbox 728 3174 822 3239; x_wconf 91' lang='lat' dir='ltr'>genus</span> <span class='ocrx_word' id='word_1_199' title='bbox 849 3157 953 3238; x_wconf 89' lang='lat' dir='ltr'>prauis</span> <span class='ocrx_word' id='word_1_200' title='bbox 981 3157 1245 3238; x_wconf 85' lang='lat' dir='ltr'>superstitionibus</span> <span class='ocrx_word' id='word_1_201' title='bbox 1272 3157 1327 3222; x_wconf 95' lang='grc'>100</span> <span class='ocrx_word' id='word_1_202' title='bbox 1347 3156 1584 3238; x_wconf 90' lang='lat' dir='ltr'>hominibusque</span> 
     </span>
     <span class='ocr_line' id='line_1_25' title="bbox 461 3256 1582 3343; baseline 0.003 -23"><span class='ocrx_word' id='word_1_203' title='bbox 461 3256 606 3335; x_wconf 92' lang='lat' dir='ltr'>inuisum,</span> <span class='ocrx_word' id='word_1_204' title='bbox 616 3258 745 3322; x_wconf 83' lang='lat' dir='ltr'>externis</span> <span class='ocrx_word' id='word_1_205' title='bbox 756 3259 875 3342; x_wconf 88' lang='lat' dir='ltr'>legibus</span> <span class='ocrx_word' id='word_1_206' title='bbox 887 3259 1004 3338; x_wconf 92' lang='lat' dir='ltr'>uiuens,</span> <span class='ocrx_word' id='word_1_207' title='bbox 1013 3259 1141 3343; x_wconf 90' lang='lat' dir='ltr'>dignum</span> <span class='ocrx_word' id='word_1_208' title='bbox 1151 3259 1259 3324; x_wconf 83' lang='lat' dir='ltr'>aritio:</span> <span class='ocrx_word' id='word_1_209' title='bbox 1271 3260 1390 3325; x_wconf 90' lang='lat' dir='ltr'>rectum</span> <span class='ocrx_word' id='word_1_210' title='bbox 1401 3277 1465 3323; x_wconf 93' lang='lat' dir='ltr'>esse</span> <span class='ocrx_word' id='word_1_211' title='bbox 1476 3276 1582 3323; x_wconf 89' lang='lat' dir='ltr'>omncs</span> 
     </span>
     <span class='ocr_line' id='line_1_26' title="bbox 462 3359 1617 3444; baseline -0.003 -21"><span class='ocrx_word' id='word_1_212' title='bbox 462 3359 552 3424; x_wconf 89' lang='lat' dir='ltr'>huius</span> <span class='ocrx_word' id='word_1_213' title='bbox 581 3360 681 3443; x_wconf 90' lang='lat' dir='ltr'>gentis</span> <span class='ocrx_word' id='word_1_214' title='bbox 708 3361 904 3427; x_wconf 86' lang='lat' dir='ltr'>internecioni</span> <span class='ocrx_word' id='word_1_215' title='bbox 930 3363 1017 3440; x_wconf 89' lang='lat' dir='ltr'>dare,</span> <span class='ocrx_word' id='word_1_216' title='bbox 1056 3380 1150 3444; x_wconf 82' lang='lat' dir='ltr'>exque</span> <span class='ocrx_word' id='word_1_217' title='bbox 1182 3380 1286 3426; x_wconf 87' lang='lat' dir='ltr'>eorum</span> <span class='ocrx_word' id='word_1_218' title='bbox 1317 3361 1404 3427; x_wconf 90' lang='lat' dir='ltr'>bonis</span> <span class='ocrx_word' id='word_1_219' title='bbox 1429 3361 1583 3426; x_wconf 87' lang='lat' dir='ltr'>inmensas</span> <span class='ocrx_word' id='word_1_220' title='bbox 1592 3377 1617 3419; x_wconf 81' lang='grc'>11</span> 
     </span>
    </p>

    <p class='ocr_par' dir='ltr' id='par_1_7' title="bbox 432 3463 1618 4060">
     <span class='ocr_line' id='line_1_27' title="bbox 432 3463 1583 3546; baseline -0.002 -16"><span class='ocrx_word' id='word_1_221' title='bbox 432 3473 532 3545; x_wconf 72' lang='lat' dir='ltr'>topos</span> <span class='ocrx_word' id='word_1_222' title='bbox 546 3463 716 3545; x_wconf 88' lang='lat' dir='ltr'>pollicetur.</span> <span class='ocrx_word' id='word_1_223' title='bbox 739 3463 828 3529; x_wconf 87' lang='lat' dir='ltr'>facile</span> <span class='ocrx_word' id='word_1_224' title='bbox 843 3465 875 3529; x_wconf 92' lang='lat' dir='ltr'>id</span> <span class='ocrx_word' id='word_1_225' title='bbox 900 3465 1029 3529; x_wconf 87' lang='lat' dir='ltr'>barbaro</span> <span class='ocrx_word' id='word_1_226' title='bbox 1049 3483 1242 3546; x_wconf 88' lang='lat' dir='ltr'>persuasum:</span> <span class='ocrx_word' id='word_1_227' title='bbox 1272 3464 1407 3529; x_wconf 89' lang='lat' dir='ltr'>edictum</span> <span class='ocrx_word' id='word_1_228' title='bbox 1422 3463 1583 3529; x_wconf 88' lang='lat' dir='ltr'>emittitur</span> 
     </span>
     <span class='ocr_line' id='line_1_28' title="bbox 462 3565 1582 3650; baseline 0.002 -22"><span class='ocrx_word' id='word_1_229' title='bbox 462 3565 590 3630; x_wconf 88' lang='lat' dir='ltr'>Iudaeos</span> <span class='ocrx_word' id='word_1_230' title='bbox 611 3567 774 3644; x_wconf 88' lang='lat' dir='ltr'>necandos,</span> <span class='ocrx_word' id='word_1_231' title='bbox 799 3567 945 3649; x_wconf 89' lang='lat' dir='ltr'>missique</span> <span class='ocrx_word' id='word_1_232' title='bbox 972 3567 1112 3632; x_wconf 89' lang='lat' dir='ltr'>continuo</span> <span class='ocrx_word' id='word_1_233' title='bbox 1134 3566 1187 3648; x_wconf 90' lang='lat' dir='ltr'>qui</span> <span class='ocrx_word' id='word_1_234' title='bbox 1208 3586 1261 3648; x_wconf 88' lang='lat' dir='ltr'>per</span> <span class='ocrx_word' id='word_1_235' title='bbox 1282 3584 1369 3632; x_wconf 90' lang='lat' dir='ltr'>omne</span> <span class='ocrx_word' id='word_1_236' title='bbox 1391 3585 1520 3650; x_wconf 89' lang='lat' dir='ltr'>regnum</span> <span class='ocrx_word' id='word_1_237' title='bbox 1541 3566 1582 3631; x_wconf 90' lang='lat' dir='ltr'>ab</span> 
     </span>
     <span class='ocr_line' id='line_1_29' title="bbox 462 3667 1581 3753; baseline 0.003 -23"><span class='ocrx_word' id='word_1_238' title='bbox 462 3667 551 3732; x_wconf 91' lang='lat' dir='ltr'>India</span> <span class='ocrx_word' id='word_1_239' title='bbox 565 3686 660 3750; x_wconf 88' lang='lat' dir='ltr'>usque</span> <span class='ocrx_word' id='word_1_240' title='bbox 673 3668 871 3750; x_wconf 89' lang='lat' dir='ltr'>Aethiopiam</span> <span class='ocrx_word' id='word_1_241' title='bbox 891 3670 1129 3753; x_wconf 89' lang='lat' dir='ltr'>promulgarent.</span> <span class='ocrx_word' id='word_1_242' title='bbox 1153 3670 1186 3734; x_wconf 92' lang='lat' dir='ltr'>id</span> <span class='ocrx_word' id='word_1_243' title='bbox 1207 3669 1261 3733; x_wconf 90' lang='lat' dir='ltr'>ubi</span> <span class='ocrx_word' id='word_1_244' title='bbox 1275 3669 1474 3734; x_wconf 88' lang='lat' dir='ltr'>Mardochaeo</span> <span class='ocrx_word' id='word_1_245' title='bbox 1496 3686 1581 3733; x_wconf 92' lang='lat' dir='ltr'>com-</span> 
     </span>
     <span class='ocr_line' id='line_1_30' title="bbox 461 3771 1581 3854; baseline 0.002 -21"><span class='ocrx_word' id='word_1_246' title='bbox 461 3771 597 3853; x_wconf 88' lang='lat' dir='ltr'>pertum,</span> <span class='ocrx_word' id='word_1_247' title='bbox 621 3771 777 3836; x_wconf 87' lang='lat' dir='ltr'>conscissis</span> <span class='ocrx_word' id='word_1_248' title='bbox 792 3771 929 3837; x_wconf 88' lang='lat' dir='ltr'>uestibus</span> <span class='ocrx_word' id='word_1_249' title='bbox 944 3789 1029 3836; x_wconf 88' lang='lat' dir='ltr'>sacco</span> <span class='ocrx_word' id='word_1_250' title='bbox 1045 3772 1220 3836; x_wconf 90' lang='grc'><strong>0110111111</strong></span> <span class='ocrx_word' id='word_1_251' title='bbox 1234 3790 1467 3854; x_wconf 87' lang='lat' dir='ltr'>conspersusque</span> <span class='ocrx_word' id='word_1_252' title='bbox 1481 3771 1581 3836; x_wconf 88' lang='lat' dir='ltr'>cinere</span> 
     </span>
     <span class='ocr_line' id='line_1_31' title="bbox 462 3873 1618 3957; baseline 0.003 -21"><span class='ocrx_word' id='word_1_253' title='bbox 462 3873 562 3956; x_wconf 90' lang='lat' dir='ltr'>pergit</span> <span class='ocrx_word' id='word_1_254' title='bbox 578 3875 616 3938; x_wconf 88' lang='lat' dir='ltr'>ad</span> <span class='ocrx_word' id='word_1_255' title='bbox 631 3874 762 3957; x_wconf 88' lang='lat' dir='ltr'>regiam,</span> <span class='ocrx_word' id='word_1_256' title='bbox 784 3874 887 3956; x_wconf 91' lang='lat' dir='ltr'>ibique</span> <span class='ocrx_word' id='word_1_257' title='bbox 908 3874 1027 3939; x_wconf 88' lang='lat' dir='ltr'>eiulatu</span> <span class='ocrx_word' id='word_1_258' title='bbox 1047 3874 1145 3939; x_wconf 92' lang='lat' dir='ltr'>multo</span> <span class='ocrx_word' id='word_1_259' title='bbox 1167 3875 1276 3939; x_wconf 89' lang='lat' dir='ltr'>cuncta</span> <span class='ocrx_word' id='word_1_260' title='bbox 1297 3875 1455 3956; x_wconf 90' lang='lat' dir='ltr'>questibus</span> <span class='ocrx_word' id='word_1_261' title='bbox 1469 3874 1618 3955; x_wconf 79' lang='lat' dir='ltr'>repletzeo</span> 
     </span>
     <span class='ocr_line' id='line_1_32' title="bbox 462 3973 1583 4060; baseline 0.004 -22"><span class='ocrx_word' id='word_1_262' title='bbox 462 3973 579 4039; x_wconf 86' lang='lat' dir='ltr'>facinus</span> <span class='ocrx_word' id='word_1_263' title='bbox 593 3975 755 4059; x_wconf 90' lang='lat' dir='ltr'>indignum</span> <span class='ocrx_word' id='word_1_264' title='bbox 769 3977 956 4042; x_wconf 88' lang='lat' dir='ltr'>immeritam</span> <span class='ocrx_word' id='word_1_265' title='bbox 971 3978 1094 4060; x_wconf 89' lang='lat' dir='ltr'>gentem</span> <span class='ocrx_word' id='word_1_266' title='bbox 1108 3977 1205 4058; x_wconf 87' lang='lat' dir='ltr'>perire</span> <span class='ocrx_word' id='word_1_267' title='bbox 1215 3995 1311 4059; x_wconf 91' lang='lat' dir='ltr'>neque</span> <span class='ocrx_word' id='word_1_268' title='bbox 1325 3977 1422 4042; x_wconf 91' lang='lat' dir='ltr'>ullam</span> <span class='ocrx_word' id='word_1_269' title='bbox 1435 3976 1583 4058; x_wconf 91' lang='lat' dir='ltr'>pereundi</span> 
     </span>
    </p>
   </div>
   <div class='ocr_carea' id='block_1_4' title="bbox 564 4178 1207 4237">
    <p class='ocr_par' dir='ltr' id='par_1_8' title="bbox 564 4178 1207 4237">
     <span class='ocr_line' id='line_1_33' title="bbox 564 4178 1207 4237; baseline -0.002 -2"><span class='ocrx_word' id='word_1_270' title='bbox 564 4178 582 4235; x_wconf 84' lang='lat'>6</span> <span class='ocrx_word' id='word_1_271' title='bbox 599 4179 697 4233; x_wconf 85' lang='lat' dir='ltr'>Esther</span> <span class='ocrx_word' id='word_1_272' title='bbox 714 4179 741 4235; x_wconf 79' lang='lat'>2.</span> <span class='ocrx_word' id='word_1_273' title='bbox 778 4179 815 4236; x_wconf 85' lang='lat' dir='ltr'>ls</span> <span class='ocrx_word' id='word_1_274' title='bbox 833 4179 930 4234; x_wconf 84' lang='lat' dir='ltr'>Esther</span> <span class='ocrx_word' id='word_1_275' title='bbox 948 4179 974 4237; x_wconf 87' lang='grc'>3.</span> <span class='ocrx_word' id='word_1_276' title='bbox 1010 4179 1048 4236; x_wconf 83' lang='lat'>28</span> <span class='ocrx_word' id='word_1_277' title='bbox 1065 4179 1163 4234; x_wconf 85' lang='lat' dir='ltr'>Esther</span> <span class='ocrx_word' id='word_1_278' title='bbox 1180 4180 1207 4236; x_wconf 88' lang='grc'>4.</span> 
     </span>
    </p>
   </div>
   <div class='ocr_carea' id='block_1_5' title="bbox 462 4365 1584 4522">
    <p class='ocr_par' dir='ltr' id='par_1_9' title="bbox 462 4365 1584 4522">
     <span class='ocr_line' id='line_1_34' title="bbox 515 4365 1584 4436; baseline -0.001 -13"><span class='ocrx_word' id='word_1_279' title='bbox 515 4366 747 4423; x_wconf 72' lang='grc' dir='ltr'><strong>8101100100οΡ</strong></span> <span class='ocrx_word' id='word_1_280' title='bbox 761 4367 773 4435; x_wconf 73' lang='lat' dir='ltr'>ll</span> <span class='ocrx_word' id='word_1_281' title='bbox 788 4367 936 4436; x_wconf 89' lang='lat' dir='ltr'>patrueleb</span> <span class='ocrx_word' id='word_1_282' title='bbox 982 4367 1209 4432; x_wconf 66' lang='grc' dir='ltr'><strong>10000011),ωο</strong></span> <span class='ocrx_word' id='word_1_283' title='bbox 1225 4369 1237 4436; x_wconf 86' lang='grc' dir='ltr'>ΙΙ</span> <span class='ocrx_word' id='word_1_284' title='bbox 1254 4367 1436 4422; x_wconf 84' lang='lat' dir='ltr'>ammonitaP</span> <span class='ocrx_word' id='word_1_285' title='bbox 1479 4365 1516 4424; x_wconf 88' lang='lat'>13</span> <span class='ocrx_word' id='word_1_286' title='bbox 1526 4381 1584 4422; x_wconf 90' lang='lat' dir='ltr'>coe·</span> 
     </span>
     <span class='ocr_line' id='line_1_35' title="bbox 462 4452 1584 4522; baseline 0.002 -16"><span class='ocrx_word' id='word_1_287' title='bbox 462 4453 505 4522; x_wconf 89' lang='lat' dir='ltr'>pit</span> <span class='ocrx_word' id='word_1_288' title='bbox 516 4452 545 4506; x_wconf 90' lang='lat' dir='ltr'><strong><em>P</em></strong></span> <span class='ocrx_word' id='word_1_289' title='bbox 589 4452 626 4508; x_wconf 88' lang='grc'>14</span> <span class='ocrx_word' id='word_1_290' title='bbox 634 4454 775 4521; x_wconf 86' lang='lat' dir='ltr'>aequatam</span> <span class='ocrx_word' id='word_1_291' title='bbox 787 4453 840 4507; x_wconf 90' lang='lat' dir='ltr'>sibi</span> <span class='ocrx_word' id='word_1_292' title='bbox 851 4453 913 4521; x_wconf 90' lang='lat' dir='ltr'>imp.</span> <span class='ocrx_word' id='word_1_293' title='bbox 926 4453 1043 4507; x_wconf 83' lang='lat' dir='ltr'>malebat</span> <span class='ocrx_word' id='word_1_294' title='bbox 1052 4454 1176 4507; x_wconf 82' lang='lat' dir='ltr'>Vorstiuo</span> <span class='ocrx_word' id='word_1_295' title='bbox 1234 4453 1271 4512; x_wconf 80' lang='lat'>15</span> <span class='ocrx_word' id='word_1_296' title='bbox 1282 4453 1452 4507; x_wconf 86' lang='lat' dir='ltr'>mardocheus</span> <span class='ocrx_word' id='word_1_297' title='bbox 1459 4453 1492 4518; x_wconf 90' lang='lat' dir='ltr'>P,</span> <span class='ocrx_word' id='word_1_298' title='bbox 1506 4457 1532 4507; x_wconf 79' lang='lat' dir='ltr'>et</span> <span class='ocrx_word' id='word_1_299' title='bbox 1540 4453 1584 4508; x_wconf 81' lang='lat' dir='ltr'>sic</span> 
     </span>
    </p>
   </div>
   <div class='ocr_carea' id='block_1_6' title="bbox 463 4537 1581 4694">
    <p class='ocr_par' dir='ltr' id='par_1_10' title="bbox 463 4537 1581 4694">
     <span class='ocr_line' id='line_1_36' title="bbox 463 4537 1580 4608; baseline 0 -16"><span class='ocrx_word' id='word_1_300' title='bbox 463 4538 590 4606; x_wconf 78' lang='lat' dir='ltr'>deinceps</span> <span class='ocrx_word' id='word_1_301' title='bbox 641 4538 678 4595; x_wconf 85' lang='lat'>18</span> <span class='ocrx_word' id='word_1_302' title='bbox 688 4554 795 4593; x_wconf 80' lang='lat' dir='ltr'>amman</span> <span class='ocrx_word' id='word_1_303' title='bbox 806 4540 829 4593; x_wconf 87' lang='lat' dir='ltr'>b.</span> <span class='ocrx_word' id='word_1_304' title='bbox 843 4539 859 4593; x_wconf 83' lang='lat' dir='ltr'>l.</span> <span class='ocrx_word' id='word_1_305' title='bbox 873 4539 908 4606; x_wconf 89' lang='lat' dir='ltr'>P,</span> <span class='ocrx_word' id='word_1_306' title='bbox 920 4539 967 4593; x_wconf 82' lang='lat' dir='ltr'>scd</span> <span class='ocrx_word' id='word_1_307' title='bbox 979 4540 1050 4593; x_wconf 78' lang='lat' dir='ltr'>alius</span> <span class='ocrx_word' id='word_1_308' title='bbox 1060 4555 1151 4603; x_wconf 74' lang='lat' dir='ltr'>amam</span> <span class='ocrx_word' id='word_1_309' title='bbox 1163 4539 1268 4593; x_wconf 87' lang='lat' dir='ltr'>Haman</span> <span class='ocrx_word' id='word_1_310' title='bbox 1281 4539 1297 4593; x_wconf 89' lang='grc'>1</span> <span class='ocrx_word' id='word_1_311' title='bbox 1348 4539 1385 4597; x_wconf 81' lang='lat'>21</span> <span class='ocrx_word' id='word_1_312' title='bbox 1398 4537 1542 4608; x_wconf 87' lang='lat' dir='ltr'>pernitiem</span> <span class='ocrx_word' id='word_1_313' title='bbox 1551 4538 1580 4592; x_wconf 89' lang='lat' dir='ltr'><strong><em>P</em></strong></span> 
     </span>
     <span class='ocr_line' id='line_1_37' title="bbox 513 4623 1581 4694; baseline -0.003 -13"><span class='ocrx_word' id='word_1_314' title='bbox 513 4623 925 4681; x_wconf 71' lang='grc'><strong>00101011111100100111</strong></span> <span class='ocrx_word' id='word_1_315' title='bbox 940 4626 953 4694; x_wconf 80' lang='grc' dir='ltr'>ΙΙ</span> <span class='ocrx_word' id='word_1_316' title='bbox 970 4624 1086 4679; x_wconf 87' lang='lat' dir='ltr'>adiith</span> <span class='ocrx_word' id='word_1_317' title='bbox 1129 4623 1168 4681; x_wconf 81' lang='lat'>27</span> <span class='ocrx_word' id='word_1_318' title='bbox 1177 4625 1287 4680; x_wconf 72' lang='lat' dir='ltr'>omne?</span> <span class='ocrx_word' id='word_1_319' title='bbox 1330 4624 1369 4682; x_wconf 82' lang='lat'>28</span> <span class='ocrx_word' id='word_1_320' title='bbox 1380 4624 1581 4694; x_wconf 81' lang='lat' dir='ltr'>promulgarent</span> 
     </span>
    </p>
   </div>
   <div class='ocr_carea' id='block_1_7' title="bbox 463 4708 1479 4780">
    <p class='ocr_par' dir='ltr' id='par_1_11' title="bbox 463 4708 1479 4780">
     <span class='ocr_line' id='line_1_38' title="bbox 463 4708 1479 4780; baseline -0.002 -12"><span class='ocrx_word' id='word_1_321' title='bbox 463 4710 502 4768; x_wconf 80' lang='lat' dir='ltr'>P:</span> <span class='ocrx_word' id='word_1_322' title='bbox 515 4709 629 4765; x_wconf 87' lang='lat' dir='ltr'>edictum</span> <span class='ocrx_word' id='word_1_323' title='bbox 645 4709 844 4779; x_wconf 86' lang='lat' dir='ltr'>promulgarent</span> <span class='ocrx_word' id='word_1_324' title='bbox 854 4710 871 4764; x_wconf 90' lang='lat' dir='ltr'>b</span> <span class='ocrx_word' id='word_1_325' title='bbox 922 4708 962 4767; x_wconf 90' lang='grc'>30</span> <span class='ocrx_word' id='word_1_326' title='bbox 972 4709 1075 4779; x_wconf 80' lang='lat' dir='ltr'>regiam</span> <span class='ocrx_word' id='word_1_327' title='bbox 1090 4710 1119 4765; x_wconf 90' lang='lat' dir='ltr'><strong><em>P</em></strong></span> <span class='ocrx_word' id='word_1_328' title='bbox 1129 4715 1155 4766; x_wconf 82' lang='lat' dir='ltr'>et</span> <span class='ocrx_word' id='word_1_329' title='bbox 1166 4709 1201 4764; x_wconf 79' lang='lat' dir='ltr'>dc</span> <span class='ocrx_word' id='word_1_330' title='bbox 1211 4709 1313 4767; x_wconf 80' lang='lat' dir='ltr'>Proto:</span> <span class='ocrx_word' id='word_1_331' title='bbox 1330 4709 1451 4780; x_wconf 79' lang='lat' dir='ltr'>reginam</span> <span class='ocrx_word' id='word_1_332' title='bbox 1462 4710 1479 4766; x_wconf 89' lang='lat' dir='ltr'>b</span> 
     </span>
    </p>
   </div>
   <div class='ocr_carea' id='block_1_8' title="bbox 0 0 1924 5634">
    <p class='ocr_par' dir='ltr' id='par_1_12' title="bbox 0 0 1924 5634">
     <span class='ocr_line' id='line_1_39' title="bbox 0 0 1924 5634; baseline 0 0"><span class='ocrx_word' id='word_1_333' title='bbox 0 0 1924 5634; x_wconf 95' lang='lat' dir='ltr'> </span> 
     </span>
    </p>
   </div>
  </div>
 </body>
</html>
