3834 5634
406 739 471 802 220
882 732 1062 801 Appendix.

405 897 466 967 tec,
490 913 525 953 ne
551 896 712 966 contempta
737 892 891 963 desidereS,
915 909 950 950 ne
971 909 1086 950 manum
1108 893 1202 949 aratro
1226 890 1353 948 inserens
1379 888 1535 944 retrorsum

404 1015 541 1056 conuersa
566 997 715 1069 respicias,
740 1012 794 1068 quo
820 995 920 1068 utique
946 995 978 1052 in
1004 998 1032 1053 te
1058 996 1193 1052 redeunte
1218 992 1290 1050 uitio
1311 990 1436 1049 ordinem
1452 1004 1535 1045 suum

403 1117 517 1174 necesse
539 1103 583 1158 est
605 1100 701 1158 sulcus
722 1099 857 1169 amittat,
881 1115 933 1156 nec
948 1115 1016 1156 sane
1031 1099 1186 1156 mercedem
1201 1112 1281 1154 suam
1298 1094 1391 1152 cultor
1404 1090 1533 1163 accipiet.

405 1202 533 1276 alioquin
549 1219 601 1261 nec
615 1204 725 1275 partem
740 1201 940 1275 consequitur,
965 1201 990 1258 si
1011 1218 1045 1259 ex
1066 1203 1147 1273 parte
1162 1198 1325 1258 cessauerit.
1348 1214 1415 1254 nam
1430 1195 1536 1253 sicuta

403 1308 517 1378 peccato
541 1306 576 1363 ad
597 1305 738 1362 iustitiam
760 1305 925 1378 fugiendum
948 1306 1007 1375 est,
1031 1304 1073 1361 ita
1093 1303 1134 1375 ei,
1158 1302 1209 1376 qui
1230 1300 1373 1359 iustitiam
1387 1297 1475 1356 fuerit
1490 1295 1535 1353 in-
1556 1311 1568 1350 s

400 1425 532 1482 gressus
549 1424 584 1466 ne
600 1409 715 1480 peccato
731 1409 829 1480 pateat
843 1407 1077 1480 praecauendum.
1101 1405 1238 1479 scripturn
1253 1404 1328 1462 enim
1343 1405 1403 1474 est,
1419 1400 1535 1472 iusto,

401 1511 437 1568 in
459 1490 527 1584 qua
549 1511 604 1568 die
627 1510 879 1581 exerrauerit‚
916 1509 1108 1567 iustitiam
1136 1503 1470 1580 noniprofuturam.
1505 1505 1536 1562 in

401 1613 457 1671 hoc
471 1613 562 1686 igitur
578 1613 794 1671 consistendum
806 1614 864 1684 est,
887 1612 918 1670 in
932 1613 986 1671 hoc
1000 1612 1200 1683 laborandum,
1223 1627 1259 1669 ne
1274 1611 1324 1682 qui
1337 1608 1454 1682 peccate
1468 1623 1536 1667 eua-

401 1715 505 1787 simus,
536 1715 666 1788 praemia
681 1718 782 1788 parate
797 1717 956 1788 perdamus.
987 1717 1045 1772 stat
1066 1715 1141 1773 enim
1166 1715 1317 1772 aduersum
1341 1731 1392 1773 nos
1417 1715 1539 1786 paratus

401 1818 551 1890 inimicuS,
576 1821 609 1876 ut
631 1819 770 1876 nudatum
797 1817 862 1876 fidei
885 1819 1005 1876 umbone
1026 1835 1090 1876 mox
1105 1817 1199 1875 feriat.
1222 1835 1278 1875 non
1304 1816 1467 1874 abiciendus
1493 1819 1569 1875 est1⁰

400 1920 496 1993 itaque
520 1920 643 1993 clipem,
672 1937 707 1978 ne
729 1921 806 1977 latus
829 1922 940 1993 pateat:
970 1938 1026 1978 non
1049 1920 1236 1978 remittendus
1264 1921 1308 1978 est
1333 1919 1461 1993 gladius,
1500 1936 1537 1978 ne

400 2022 492 2080 hostis
508 2023 629 2096 incipiat
651 2040 707 2081 non
722 2022 837 2081 timere:
861 2040 943 2095 porro
966 2040 1029 2081 cum
1047 2023 1195 2080 'armatum
1215 2022 1338 2095 uiderit,
1361 2021 1461 2080 abibit.
1485 2038 1537 2082 nec

402 2124 565 2198 ignoramus
587 2126 688 2183 durum
711 2141 772 2184 esse
794 2127 879 2198 atque
901 2125 1019 2184 difficile
1042 2126 1179 2184 aduersus
1206 2142 1320 2184 carnem
1339 2127 1368 2184 et
1391 2125 1537 2183 saeculum

402 2227 506 2285 cotidie
523 2227 666 2286 dimicare.
691 2229 741 2286 sed
763 2228 788 2286 si
811 2227 1010 2287 aeternitatem
1026 2229 1146 2302 cogites,
1170 2227 1195 2286 si
1210 2228 1351 2287 caelorum
1365 2244 1453 2302 regna
1468 2244 1522 2288 con

400 2329 521 2402 sidereS,
548 2347 620 2404 quae
640 2330 740 2403 utique
759 2330 841 2389 nobis
862 2331 1000 2390 Dominus
1016 2331 1084 2390 licet
1098 2331 1292 2404 peccatoribus
1307 2333 1452 2404 praestare
1470 2332 1568 2406 dig-1⁵

397 2431 531 2505 nabitur,
565 2449 637 2505 quae
658 2434 773 2492 tandem
794 2433 933 2508 condigna
956 2434 1050 2506 passio
1072 2436 1130 2506 est,
1162 2451 1219 2507 qua
1241 2436 1324 2492 tanta
1352 2433 1535 2494 mereamur?

395 2535 539 2594 luctamen
565 2539 660 2594 autem
688 2536 769 2595 nobis
791 2536 822 2594 in
845 2537 897 2595 hoc
916 2538 1020 2595 mundo
1055 2536 1138 2610 parui
1161 2537 1297 2610 temporis
1312 2540 1369 2610 est3
1392 2555 1459 2595 nam
1479 2537 1536 2596 etsi

395 2655 472 2696 mors
500 2656 557 2697 non
587 2640 731 2711 succedat,
756 2620 869 2697 senecta
896 2640 1035 2698 succedet.
1070 2639 1207 2697 labuntur
1233 2640 1317 2712 anni,
1340 2641 1434 2698 fluunt
1459 2643 1535 2700 tem-

395 2757 480 2815 pora,
504 2742 549 2814 et,
570 2743 603 2798 ut
619 2758 718 2813 spero,
744 2740 882 2800 Dominus
896 2741 978 2800 Iesus
990 2743 1128 2816 tanquam
1143 2742 1316 2802 desideratos
1332 2743 1388 2802 sibi
1403 2743 1536 2804 celeriter

393 2843 516 2902 uocabit.
1544 2863 1570 2904 eo

366 2948 384 3003 3
441 2947 464 3004 Ο
480 2964 566 3019 quam
580 2946 649 3005 felix
663 2947 714 3005 ille
731 2949 828 3005 noster
842 2963 982 3020 excessus,
1002 2964 1066 3005 cum
1081 2965 1098 3005 a
1113 2948 1177 3007 labe
1192 2948 1301 3021 peccati
1316 2949 1441 3008 melioris
1455 2950 1536 3032 uitae

396 3049 608 3108 conuersatione
638 3051 776 3122 purgatos
809 3051 873 3108 sede
903 3048 959 3108 sua'
985 3067 1036 3109 nos
1066 3050 1196 3109 Christus
1225 3051 1354 3124 excipiet.
1386 3055 1534 3112 occurrent
1632 3042 1634 3046 ’

397 3153 536 3225 martyres
552 3154 580 3211 et
596 3153 764 3226 prophetae,
787 3152 942 3226 iungentur
964 3153 1105 3225 apostoli,
1128 3155 1293 3227 gaudebunt
1308 3155 1417 3229 angeli,
1440 3156 1533 3215 laeta·

396 3253 504 3312 buntur
533 3255 713 3329 archangeli,
751 3255 901 3330 uictusque
932 3257 1049 3314 satanas
1080 3258 1197 3315 cruento
1226 3257 1296 3316 licet
1324 3275 1371 3317 ore
1401 3259 1532 3332 pallebit,

394 3357 499 3430 quippe
514 3357 564 3430 qui
582 3358 669 3416 etiam
684 3361 800 3431 nostra,
825 3376 897 3432 quae
912 3358 974 3437 ,sibi
999 3359 1030 3416 in
1050 3359 1132 3418 nobis
1152 3363 1388 3434 praeparauerat,
1417 3364 1565 3435 peccaras

396 3460 559 3531 perdiderit.
583 3461 694 3519 uidebit
718 3461 840 3535 gloriam
861 3477 1022 3520 concessam
1044 3478 1095 3534 per
1118 3462 1247 3535 ueniam,
1271 3463 1373 3521 merita
1393 3464 1532 3523 honorata

392 3578 444 3635 per
473 3562 608 3636 gloriam:
632 3581 684 3622 nos
716 3563 961 3637 triumphabimus
987 3564 1068 3622 hoste
1094 3567 1235 3637 superato.
1263 3566 1314 3624 ubi
1338 3569 1407 3625 tunc
1432 3565 1532 3625 mundi

392 3661 477 3724 istius
498 3665 641 3738 sapientes
661 3663 856 3725 uidebuntur?
878 3666 928 3724 ubi
957 3683 1077 3739 auarus,
1102 3667 1152 3725 ubi
1185 3669 1312 3741 adulter,
1335 3669 1385 3727 ubi
1413 3669 1529 3742 impius,

391 3767 441 3825 ubi
460 3768 606 3843 ¹ebriosus,
631 3769 680 3828 ubi
709 3769 865 3828 maledicus
890 3765 1154 3846 {recognoscenturt
1177 3770 1246 3843 quid
1274 3771 1371 3830 miseri
1397 3789 1446 3844 pro
1478 3789 1531 3831 sua

394 3869 555 3929 defensione
572 3872 676 3930 dicturi
692 3869 781 3930 sunt?
802 3858 990 3930 ‘nesciuimus
1004 3875 1060 3960 te,
1079 3873 1212 3946 Domine,
1236 3875 1265 3932 te
1291 3875 1322 3932 in
1347 3876 1452 3933 mundo
1468 3887 1563 3936 essere

390 3989 447 4031 non
475 3973 613 4033 uidimus:
646 3975 798 4048 prophetas
820 3991 877 4032 non
903 3974 1024 4047 misist',
1060 3975 1152 4049 legem
1181 3976 1293 4035 saeculo
1321 3994 1378 4036 non
1407 3977 1527 4038 dedisti:

391 4075 568 4148 patriarchas
583 4095 639 4136 uon
654 4077 795 4150 uidimus,
820 4078 983 4135 sanctorum
1004 4096 1060 4137 non
1081 4079 1204 4153 legimus
1229 4081 1366 4152 exempla.
1392 4079 1543 4161 Christus.

495 4259 511 4315 1
530 4259 597 4313 Luc.
616 4257 642 4323 9,
663 4257 708 4315 62.
763 4259 781 4316 6
799 4260 892 4315 Erech.
915 4259 960 4326 18,
980 4260 1027 4317 24.

441 4428 620 4499 3accipietb
672 4429 849 4500 5itactqui
866 4431 903 4486 Ob
960 4430 1126 4488 diustusO
1175 4433 1367 4489 Daduersusb
1416 4434 1453 4491 10
1465 4450 1525 4488 um-

388 4512 495 4570 bened
540 4516 576 4571 11
590 4516 725 4584 clypeusd
779 4516 815 4573 13
835 4519 915 4585 etque
931 4517 1037 4572 &acb
1092 4518 1129 4575 16
1148 4520 1344 4587 quaetanteO
1396 4520 1433 4577 17
1447 4520 1526 4574 nobis

388 4600 521 4742 {mm
547 4600 586 4658 23
604 4601 748 4670 iungentur
775 4603 808 4658 0:
834 4603 1020 4672 tangenturb
1092 4603 1131 4660 24
1149 4604 1323 4673 arcangeliO
1399 4605 1437 4664 28
1455 4605 1526 4661 ride-
