3834 5634
837 758 950 814 Chron.
970 759 1006 824 11,
1027 759 1106 815 1-2.
1310 761 1313 767 ’
1492 763 1533 827 57

408 915 571 997 disciplina
584 915 672 980 breui
686 915 827 979 omnibus
841 914 922 997 regis
936 914 1083 995 proximis
1097 915 1231 980 antelati.
1247 935 1300 997 per
1314 917 1397 982 idem
1412 917 1562 997 tempuss

407 1016 558 1096 Susanna,
580 1018 703 1083 cuidam
723 1016 827 1083 Ioachi
847 1017 957 1098 nupta,
979 1017 1131 1097 spectatae
1151 1017 1266 1082 femina
1284 1018 1531 1100 pulchritudinis,

407 1121 563 1186 eduohus
583 1121 767 1204 presbyteris
788 1119 937 1201 appetita,
959 1138 1031 1184 cum
1050 1119 1215 1201 impudicis
1235 1139 1295 1185 non
1314 1121 1531 1204 adquieuisset,

407 1220 483 1287 falso
498 1223 626 1289 crimine
640 1222 810 1300 incessitur,
823 1221 922 1286 isdem
935 1222 1121 1305 presbyteris
1133 1222 1347 1301 deferentibus,
1359 1223 1393 1288 10
1406 1224 1532 1287 remotis

387 1325 479 1389 slecis
494 1326 719 1391 adulescentem
731 1343 801 1389 cum
816 1344 851 1389 00
865 1325 1095 1405 deprehensum,
1108 1327 1161 1390 sed
1173 1326 1264 1390 illum
1279 1326 1408 1391 iuuenili
1422 1326 1532 1390 alacri·

405 1428 468 1492 tate
483 1447 592 1493 senum
606 1446 715 1492 manus
730 1427 883 1511 effugisse.
906 1427 951 1491 ita
971 1428 1156 1511 preshyteris
1178 1428 1253 1493 fides
1274 1429 1395 1494 habita:
1418 1429 1532 1494 iudicio

404 1531 508 1612 populi
524 1529 660 1595 Susanna
674 1531 845 1595 damnatur.
868 1549 944 1612 quae
964 1548 1035 1594 cum
1051 1532 1217 1595 secundum
1237 1531 1339 1615 legem
1353 1533 1392 1597 ad
1413 1532 1561 1613 suppli-6

404 1631 486 1696 cium
501 1633 676 1710 duceretur,
692 1633 816 1709 Daniel,
833 1633 902 1696 tum
916 1650 1010 1697 annos
1024 1634 1115 1697 natus
1130 1652 1197 1711 xm,
1227 1634 1384 1716 increpitis
1399 1634 1531 1713 Iudaeis,

404 1752 456 1799 cur
470 1735 644 1801 innocenter
663 1735 756 1800 morti
771 1735 944 1813 dedissent,
969 1735 1073 1799 reduci
1098 1755 1166 1800 eam
1180 1736 1213 1800 10
1227 1736 1378 1801 iudicium
1393 1755 1532 1802 oausam·

373 1849 396 1889 1⁰
403 1855 460 1918 que
474 1837 574 1902 denuo
589 1838 689 1902 audiri
709 1838 853 1919 postulat.
876 1838 1031 1903 enimuero
1052 1838 1220 1903 multitudo
1235 1840 1433 1917 Iudaeorum,
1456 1849 1561 1921 quae?

402 1939 470 2003 tum
485 1941 599 2019 ederat,
611 1959 670 2005 non
685 1940 751 2005 sine
761 1941 826 2005 Deo
842 1940 1020 2005 existimans
1034 1959 1164 2022 puerum
1179 1942 1369 2023 contemptae
1380 1942 1533 2008 aetatulae

401 2040 434 2106 in
447 2041 527 2107 hanc
541 2043 744 2107 constantiam
758 2043 945 2124 prorupisse,
962 2043 1066 2107 fauore
1081 2045 1307 2109 accommodato
1322 2045 1355 2109 in
1370 2045 1532 2111 consilium

401 2144 574 2209 reuertitur.
596 2145 692 2210 initur
707 2146 805 2210 denuo
820 2145 985 2209 iudicium:
1007 2146 1150 2224 Daniele,
1168 2147 1202 2210 01
1217 2147 1298 2211 inter
1312 2147 1442 2212 maiores
1457 2150 1559 2218 natus

400 2247 555 2325 resideret,
571 2248 717 2313 delatum.
739 2248 836 2332 igitur
851 2248 983 2329 separari
998 2250 1185 2312 accusatores
1200 2249 1301 2313 iubet:
1323 2270 1528 2332 unumquem-

368 2363 391 2406 1⁵
399 2368 457 2432 que
472 2369 509 2414 ex
524 2350 567 2414 010
581 2351 764 2434 interrogat,
786 2351 842 2414 sub
864 2350 949 2414 cuius
965 2351 1084 2433 generis
1104 2351 1210 2415 arbore
1231 2352 1402 2417 adulteram
1423 2354 1530 2433 depre-

398 2451 563 2518 hendisset.
577 2472 613 2517 ex
626 2453 775 2518 uanetate
790 2452 925 2534 responsi
940 2451 1060 2516 falsitas
1075 2453 1274 2534 deprehensa:
1291 2452 1427 2518 Susanna
1441 2456 1530 2519 abso-

397 2554 473 2633 luta,
482 2555 662 2638 presbyteri,
671 2556 725 2637 qui
736 2554 889 2619 innocenti
896 2555 1068 2636 periculum
1077 2556 1260 2634 creauerant,
1273 2556 1372 2636 capite
1381 2557 1529 2634 damnati,

439 2659 485 2722 lla
499 2659 682 2738 tempestate
697 2658 974 2722 Nabuchodonosor
988 2657 1142 2722 somnium
1157 2658 1256 2737 uidit,
1278 2660 1426 2742 mysterio
1443 2659 1559 2729 futu-a

397 2777 502 2824 rorum
512 2760 663 2826 mirabile.
677 2761 763 2825 cuius
774 2760 1057 2842 interpretationem
1068 2779 1140 2824 cum
1151 2781 1204 2842 per
1218 2781 1251 2826 se
1261 2780 1321 2826 non
1331 2763 1434 2843 posset
1445 2762 1530 2827 euol-

366 2873 390 2917 20
399 2882 484 2941 uere,
500 2863 604 2928 ascitis
620 2864 658 2928 ad
673 2864 936 2945 interpretandum
951 2862 1111 2928 Chaldaeis
1132 2864 1245 2947 quique
1265 2865 1394 2948 magicis
1409 2865 1528 2929 artibus

399 2966 537 3047 extisque
559 2965 730 3030 hostiarum
750 2966 827 3030 scire
847 2966 966 3030 occulta
980 2967 1011 3031 et
1026 2966 1130 3031 futura
1149 2968 1320 3048 praecinere
1335 2969 1529 3048 uidebantur,

399 3086 470 3132 mox
481 3068 609 3146 ueritus,
624 3088 662 3134 ne
676 3086 761 3132 more
775 3068 935 3133 hominum
949 3087 1010 3133 non
1024 3088 1105 3146 uera,
1118 3070 1171 3133 sed
1186 3070 1299 3152 placita
1313 3072 1381 3155 regi
1396 3091 1432 3136 ex
1446 3090 1529 3136 som·

399 3170 451 3234 010
466 3170 679 3249 coniectarent,
695 3171 763 3235 uisa
777 3171 943 3252 supprimit
956 3172 1114 3253 poscitque
1129 3172 1167 3236 ab
1182 3173 1236 3251 010,
1252 3175 1297 3251 01,
1314 3174 1341 3236 01
1355 3193 1428 3240 uera
1442 3174 1475 3239 10
1490 3174 1529 3237 110

401 3263 551 3339 diuinatio
566 3275 661 3352 esset,
677 3274 830 3338 somnium
845 3274 947 3355 ipsum
963 3274 1023 3338 sihi
1038 3274 1186 3339 dicerent:
1209 3276 1278 3339 tum
1292 3276 1418 3340 demum
1432 3276 1529 3340 inter-

367 3376 564 3457 upretationi
579 3393 683 3440 eorum
698 3376 901 3454 crediturum,
925 3376 951 3439 si
971 3376 1057 3457 prius
1079 3376 1263 3440 enuntiando
1284 3378 1438 3441 somnium
1452 3377 1529 3441 artis

398 3478 570 3559 periculum
584 3478 807 3543 1001000011111
827 3496 898 3543 uero
914 3479 1033 3542 tantam
1052 3479 1166 3543 molem
1186 3479 1367 3556 0110000100,
1388 3497 1448 3544 000
1463 3493 1557 3547 ossea

399 3581 431 3646 id
452 3581 604 3646 humanae
624 3581 691 3664 0010
714 3580 943 3645 confitebantur.
967 3599 1018 3645 rex
1039 3582 1157 3659 motus,
1185 3599 1238 3645 cur
1260 3580 1339 3646 falsa
1368 3582 1527 3647 diuinandi

398 3683 582 3765 professione
603 3684 742 3749 homines
765 3683 916 3749 erroribus
938 3684 1119 3762 illuderent,
1142 3702 1213 3748 cum
1235 3685 1354 3749 astricti
1375 3686 1525 3766 praesent'

397 3787 519 3870 negotio
534 3787 614 3851 nihil
627 3787 704 3852 scire
719 3806 750 3852 se
765 3787 993 3852 confiterentur:
1009 3787 1055 3851 ita
1069 3787 1167 3852 edicto
1183 3788 1265 3872 regis
1279 3788 1312 3852 in
1327 3806 1377 3853 eos
1387 3788 1527 3854 animad-

502 3973 539 4030 18
557 3973 624 4027 Dan.
644 3973 670 4029 2.

450 4127 466 4182 l
484 4128 590 4195 tempus
602 4144 647 4180 sus
663 4127 666 4194 1
682 4142 811 4180 00000000
823 4127 850 4181 Ρ
913 4129 931 4184 2
951 4127 1056 4181 cuidam
1068 4127 1102 4181 de
1114 4128 1215 4181 Proto:
1240 4126 1407 4196 quaedamP
1428 4130 1440 4196 Η
1463 4128 1525 4183 Joa·

399 4210 469 4264 chim
480 4213 508 4275 b,
527 4212 545 4266 J
546 4213 631 4267 ocoim
643 4212 766 4266 11000100
822 4214 841 4268 3
857 4212 1015 4281 presbiteris
1028 4214 1055 4267 P
1066 4219 1092 4266 01
1102 4215 1142 4266 sic
1154 4213 1282 4281 deinceps
1344 4213 1365 4270 4
1381 4214 1486 4268 hisdem
1499 4215 1527 4269 P

460 4298 479 4356 5
497 4297 687 4367 (100100000οΡ
750 4297 767 4352 7
786 4314 916 4352 sussanna
927 4298 1088 4367 dampnatur
1100 4299 1128 4352 P
1190 4299 1208 4356 9
1226 4299 1378 4353 innocenter
1391 4301 1430 4354 P:
1450 4301 1525 4354 inno·

398 4384 500 4436 centem
512 4383 571 4436 edd.
596 4385 608 4453 11
630 4382 720 4436 reduci
731 4383 843 4450 scripsi:
860 4383 954 4437 reduce
971 4384 1010 4448 P,
1028 4382 1179 4438 reduceret
1232 4384 1269 4441 13
1287 4384 1396 4438 Danieli
1413 4386 1441 4448 b,
1460 4387 1525 4439 item

393 4482 422 4534 p.
442 4466 520 4536 58,2
596 4468 634 4524 14
651 4483 862 4536 unumquemque
875 4468 908 4521 010
919 4470 1165 4538 Pratozunumque
1182 4470 1225 4524 Pb
1291 4470 1327 4526 17
1346 4470 1526 4538 dampnatiP

399 4551 436 4609 18
458 4553 579 4607 misterio
597 4554 625 4607 P
699 4553 739 4610 20
755 4553 852 4623 quique
870 4554 1005 4608 Drousias:
1033 4555 1080 4623 qui
1101 4556 1158 4619 Pb,
1178 4557 1213 4622 cf.
1236 4556 1525 4623 1100220210

449 4638 602 4695 2200011οτ
615 4640 642 4693 P
688 4639 726 4695 23
738 4639 874 4708 poscitque
886 4656 948 4693 ooo:
960 4640 1132 4709 poposcitque
1145 4641 1187 4695 Pb
1208 4642 1220 4709 11
1242 4641 1272 4693 10
1283 4640 1327 4693 his
1337 4641 1380 4694 Pb
1427 4640 1465 4696 27
1477 4657 1525 4696 our

398 4724 437 4778 P:
456 4725 553 4794 quodb
