3834 5634
432 717 496 784 242
905 717 1084 787 Appendiu

433 874 544 956 uulis],
567 876 667 950 quales
681 876 794 936 iuuenis
808 878 913 936 habeat
927 893 1039 949 mores,
1066 877 1135 951 quid
1149 876 1330 949 potissimum
1345 874 1469 948 diligat,
1493 871 1563 946 quid

434 980 570 1053 accipiat,
595 995 649 1053 quo
669 996 723 1037 usu
744 978 840 1052 uiuat,
864 996 922 1053 qua
946 995 976 1038 se
1000 979 1203 1038 consuetudine
1224 980 1320 1052 regat,
1343 977 1447 1051 quibus
1461 977 1563 1034 utatur

435 1084 570 1157 dapibus,
594 1082 624 1140 in
644 1082 748 1157 quibus
770 1082 920 1156 praecipue
941 1083 1026 1142 rebus
1040 1083 1197 1142 delectetur
1211 1084 1240 1140 et
1254 1082 1387 1156 gaudeat.
1410 1095 1563 1155 quaecum

435 1186 581 1258 didicerit,
604 1185 647 1243 ita
661 1202 691 1244 se
706 1185 736 1243 in
757 1185 887 1245 omnibus
902 1187 1057 1259 temperat,
1080 1188 1114 1244 ut
1129 1185 1226 1259 sponsi
1239 1184 1366 1244 moribus
1381 1200 1464 1242 suum
1480 1182 1562 1241 obss·

435 1290 547 1365 quium,
571 1306 623 1348 sua
648 1288 825 1362 iucunditas,
849 1306 901 1348 sua
928 1288 1096 1363 diligentia,
1120 1306 1172 1347 sua
1196 1288 1259 1346 uita
1284 1287 1441 1346 concordet.
1465 1287 1495 1344 et
1520 1287 1596 1355 tu,s

434 1409 507 1467 quae
519 1391 663 1450 Christum
678 1408 812 1465 sponsum
823 1392 920 1464 habes,
936 1391 1127 1450 adomesticis
1141 1392 1170 1450 et
1185 1390 1377 1450 familiaribus
1391 1390 1454 1448 eius
1468 1387 1566 1462 sponsi

434 1496 479 1555 tui
503 1511 595 1554 mores
620 1495 778 1569 interroga,
802 1497 832 1553 et
852 1497 968 1553 strenue
988 1511 1022 1553 ac
1038 1495 1169 1553 sollerter
1189 1492 1302 1569 inquire
1317 1493 1347 1552 in
1362 1492 1467 1568 quibus
1482 1506 1565 1564 prae-

436 1599 517 1674 cipue
532 1598 702 1670 delectetur,
725 1597 839 1672 qualem
854 1597 1085 1672 compositionem
1099 1598 1130 1656 in
1144 1600 1173 1656 te
1187 1597 1312 1656 uestium
1327 1596 1446 1670 diligat,
1468 1593 1566 1653 cuius-

436 1701 511 1761 modi
525 1700 705 1774 concupiscat
719 1703 860 1759 ornatum.
882 1700 959 1759 dicat
974 1700 1029 1759 tibi
1049 1700 1111 1760 eius
1130 1699 1373 1758 familiarissimus
1387 1700 1501 1769 Petrus,
1517 1696 1567 1771 qui

436 1821 472 1864 ne
487 1803 586 1876 nuptis
600 1803 715 1877 quidem
730 1804 902 1876 corporalem
917 1803 1060 1876 permittit
1075 1806 1221 1875 ornatum,
1245 1802 1320 1861 deut
1333 1802 1364 1860 in
1379 1800 1502 1875 epistola
1516 1816 1568 1858 sua
1585 1809 1609 1848 10

437 1906 566 1980 scripsit:
587 1894 772 1964 ‘Mulieres
794 1905 971 1964 similiter
993 1905 1179 1964 subiectae
1202 1905 1277 1964 sint
1299 1905 1376 1964 suis
1397 1903 1507 1976 uiris,
1530 1904 1569 1960 ut

438 2009 469 2068 si
502 2008 563 2082 qui
595 2022 665 2066 non*
695 2009 847 2066 credunt
876 2008 999 2080 uerbo,
1022 2025 1084 2081 per
1105 2009 1296 2067 mulierum
1319 2005 1568 2067 conuersatio-

436 2129 512 2170 nem
534 2110 612 2170 sine
633 2110 741 2169 uerbo
764 2109 977 2183 lucrifiant,
1000 2111 1276 2170 considerantes
1298 2111 1334 2170 in
1355 2110 1484 2169 timore
1505 2107 1570 2166 Dei

437 2216 571 2273 castam
586 2212 896 2272 conuersationem
912 2217 1085 2272 uestram:
1108 2231 1257 2288 quarum
1272 2214 1322 2273 sit
1343 2230 1411 2273 non
1432 2210 1569 2271 extrin-

439 2334 541 2376 secus
569 2316 795 2389 capillatura
821 2318 883 2374 aut
910 2316 1150 2376 circumdatio
1178 2317 1258 2375 auri
1280 2319 1341 2376 aut
1363 2315 1605 2377 indumenti¹⁵

438 2420 741 2479 uestimentorum
770 2419 908 2492 cultus,
944 2420 1004 2478 sed
1037 2420 1098 2495 qui
1132 2420 1329 2480 absconsus
1360 2422 1481 2481 cordis
1513 2419 1571 2481 est

438 2524 536 2582 homo
558 2523 595 2581 in
617 2521 982 2594 incorruptibilitate
1004 2522 1123 2595 quieti
1150 2524 1184 2582 et
1211 2524 1364 2583 modesti
1392 2525 1571 2598 spiritus2

438 2626 531 2699 quod
553 2625 666 2684 estin
689 2627 883 2698 conspectu
905 2625 970 2683 Dei
993 2625 1169 2698 locuples.
1185 2626 1314 2685 Dicatet
1329 2627 1572 2703 aliusApostolus

325 2730 329 2735 ’
437 2729 539 2786 beatus
553 2728 676 2799 Paulus,
701 2726 752 2801 qui
777 2728 812 2785 ad
840 2727 1019 2786 Timotheum
1040 2728 1166 2787 scribens
1181 2730 1280 2787 eadem
1294 2730 1328 2788 de
1343 2731 1471 2790 fidelium
1486 2733 1570 2793 femi-

437 2847 540 2888 narum
577 2829 729 2901 disciplina
763 2831 904 2887 testatur:
950 2829 1122 2888 Mulieres
1160 2831 1343 2892 similiter
1370 2835 1406 2893 in
1444 2836 1607 2895 habituro

440 2934 566 2991 ornato
590 2947 665 2989 cum
687 2932 910 2989 uerecundia
937 2934 973 2991 et
1000 2932 1203 2992 sobrietate
1225 2938 1398 2996 ornantes
1421 2954 1471 3011 se,
1505 2957 1573 2998 non

439 3035 476 3092 in
505 3033 619 3092 tortis
651 3033 818 3092 crinibus
840 3030 913 3107 j‘aut
946 3052 1032 3094 auro
1060 3038 1123 3093 aut
1150 3039 1364 3111 margaritis
1385 3042 1449 3099 aut
1471 3044 1573 3102 ueste

440 3136 622 3210 pretiosa,
647 3136 707 3194 sed
729 3138 820 3209 quod
842 3138 1158 3212 decetmulieres,
1181 3142 1573 3212 promittentescasti-

440 3239 553 3297 tatem
576 3255 638 3311 per
660 3239 787 3297 bonam
809 3241 1138 3317 conuersationem.

545 3404 589 3461 11.
609 3403 693 3458 IPet.
713 3404 739 3467 3,
766 3406 781 3460 1
801 3421 858 3473 sqq.
904 3406 949 3462 20.
969 3407 984 3459 I
1002 3406 1069 3461 Tim.
1089 3409 1116 3472 2,
1136 3409 1162 3465 9.

495 3559 511 3615 1
531 3558 703 3626 quodpetiss.
722 3558 749 3612 V
808 3559 826 3615 2
845 3576 910 3627 quas
923 3563 1125 3616 consuetudines
1143 3564 1169 3619 V
1234 3565 1301 3621 3111
1312 3566 1409 3634 quibus
1421 3583 1470 3621 ora.
1485 3567 1525 3631 R,
1545 3567 1573 3620 in

441 3659 490 3698 om.
504 3643 538 3697 H
557 3644 569 3710 ΙΙ
591 3644 731 3712 praecipue
744 3644 811 3699 RV:
838 3646 952 3699 maxime
977 3647 999 3701 0
1020 3649 1032 3716 ll
1055 3648 1135 3702 rebus
1157 3666 1206 3703 om.
1232 3650 1259 3704 V
1277 3653 1289 3718 ΙΙ
1312 3668 1490 3720 quaecumque
1503 3653 1573 3707 didi-

442 3727 510 3782 cerit
521 3727 579 3783 RV
650 3729 669 3785 4
687 3745 715 3782 se
727 3745 776 3783 om.
794 3731 821 3784 V
840 3731 852 3798 ΙΙ
875 3733 1061 3801 temperctR,
1080 3734 1247 3804 obtemperat
1262 3736 1289 3790 V
1348 3739 1367 3796 5
1385 3753 1434 3791 sua
1452 3738 1573 3793 iucundi·

441 3814 495 3882 tas]
516 3813 580 3867 add.
603 3815 636 3868 ire
657 3814 691 3869 0:
710 3831 759 3868 sua
780 3815 888 3870 dilectio
912 3819 923 3885 ΙΙ
946 3819 978 3870 tu
999 3819 1067 3873 RV:
1085 3822 1118 3874 tu
1131 3837 1233 3890 quoque
1255 3822 1278 3877 0
1328 3823 1346 3878 7
1364 3824 1475 3877 solerter
1496 3825 1573 3879 AHb

494 3899 513 3955 8
530 3899 677 3983 delectetur
690 3902 717 3952 et
733 3900 771 3968 V,
784 3900 933 3956 delectatur
952 3903 976 3958 0
1003 3905 1015 3972 ΙΙ
1040 3905 1068 3958 in
1080 3907 1108 3959 te
1120 3907 1336 3976 compositionem
1352 3908 1375 3963 0
1393 3911 1405 3977 ΙΙ
1425 3910 1573 3964 cuiusmodi

442 3987 608 4038 —0rnatum
628 3984 723 4039 ARV:
742 4002 789 4040 nm.
816 3987 838 4041 0
901 3988 939 4044 10
956 4005 989 4042 ne
1009 3989 1053 4043 H:
1080 4007 1128 4045 nec
1150 3993 1261 4048 AGRV
1283 3995 1296 4062 11
1318 3995 1481 4063 corporalem
1501 3995 1569 4050 AB:

442 4086 511 4138 corp.
525 4070 571 4123 sed
582 4069 751 4138 spiritualem
764 4072 926 4140 (spiritalem
941 4074 975 4144 0)
991 4075 1043 4129 (JV
1059 4076 1071 4144 ΙΙ
1092 4077 1162 4131 sicut
1173 4081 1201 4131 et
1217 4080 1243 4134 V
1303 4080 1338 4137 11
1359 4081 1469 4149 scripsit
1479 4082 1572 4137 Ace:

443 4155 538 4210 scribit
563 4156 604 4210 Vb
676 4156 711 4211 11
731 4157 787 4210 sint
799 4157 838 4211 ed.
857 4159 925 4213 Vall.
940 4161 1020 4214 etA:
1040 4177 1089 4215 om.
1110 4163 1189 4218 GRV
1208 4165 1220 4232 ΙΙ
1243 4165 1299 4218 suis
1311 4166 1378 4220 uiris
1390 4167 1486 4223 ARV:
1504 4168 1572 4221 uiris

443 4241 500 4296 suis
525 4241 581 4296 CH
599 4243 611 4310 ΙΙ
633 4243 665 4294 ut
685 4244 713 4295 et
732 4242 761 4296 A
835 4244 872 4300 12
891 4244 914 4297 si
936 4245 982 4314 qui
1003 4247 1099 4303 ARV:
1126 4249 1188 4305 sid
1209 4250 1221 4318 ΙΙ
1243 4251 1382 4307 mulierem
1398 4253 1573 4309 Verres

497 4327 534 4384 13
551 4326 700 4381 lucrificent
724 4329 751 4382 V
769 4331 781 4397 ΙΙ
803 4329 847 4384 dei
867 4346 915 4384 om.
943 4331 967 4386 0
1035 4333 1072 4392 15
1090 4335 1266 4403 capillaturae
1289 4337 1317 4392 e
1338 4338 1350 4406 ΙΙ
1372 4338 1529 4393 indumenta
1545 4340 1572 4395 R

497 4412 534 4469 16
553 4414 595 4466 cst
606 4412 691 4466 cordis
703 4414 758 4469 AO
809 4415 845 4471 18
864 4416 987 4484 quodest
1003 4418 1207 4488 GRV2quiest
1220 4422 1263 4476 Ab
1326 4424 1362 4479 19
1374 4423 1469 4478 beatus
1482 4441 1531 4479 one.
1549 4427 1577 4480 V
1671 4466 1675 4473 -

454 4498 467 4565 ΙΙ
490 4498 607 4552 scribens
625 4498 766 4568 epistolam
790 4501 902 4556 Veteri.
920 4502 1008 4571 Vall.,·
1025 4504 1241 4572 qui-testatur
1262 4524 1311 4563 om.
1324 4509 1353 4563 A
1375 4511 1387 4578 Η
1409 4510 1520 4564 eandem
1537 4541 1570 4551 —

444 4581 615 4652 disciplinam
641 4584 695 4652 ΟΙΙ
718 4586 751 4639 de
772 4585 809 4641 R:
829 4603 877 4641 nm.
906 4587 958 4642 CV
1024 4590 1061 4645 21
1081 4594 1205 4646 ornatum
1217 4593 1323 4662 (ornatu
1336 4596 1457 4665 corelli
1481 4599 1493 4664 ll
1518 4614 1572 4652 non

446 4668 556 4723 intortis
569 4671 602 4724 H
650 4672 688 4727 22
707 4672 876 4726 ueluesteA
