3834 5634
826 739 941 795 Chron.
959 739 981 803 l,
1003 738 1120 797 16-18.
1494 743 1534 808 19

406 895 522 960 montis
536 897 693 962 cacumine
704 897 873 962 Dominum
883 896 1014 977 propter,
1026 896 1156 977 populus
1168 896 1246 960 circa
1257 896 1321 961 ima
1334 897 1449 962 montis
1464 913 1535 961 con·

405 997 498 1063 stitit.
521 998 566 1064 ita
586 999 635 1063 lex
655 1000 720 1064 lata
733 999 896 1080 multiplex
911 1000 942 1063 et
957 997 1077 1080 copiosa
1091 999 1149 1063 Dei
1163 999 1280 1077 uerbis,
1302 1000 1334 1064 et
1348 1018 1435 1081 saepe
1450 1017 1535 1081 repe-

405 1101 480 1166 tita:
503 1101 590 1166 cuius
611 1103 638 1166 si
659 1103 728 1185 quis
749 1102 808 1166 erit
828 1102 988 1180 curiosior,
1010 1100 1126 1166 fontem
1146 1101 1249 1183 ipsum
1269 1102 1372 1180 adeat,
1393 1120 1535 1167 noscam

406 1204 541 1268 breuiter
555 1205 800 1290 perstringimus.
821 1206 890 1270 Non
905 1205 1009 1284 erunt,
1030 1204 1146 1286 inquit,
1167 1204 1226 1269 tibi
1246 1204 1291 1269 dii
1311 1204 1403 1270 alieni
1417 1206 1562 1287 praetori

380 1324 470 1372 ame:
492 1325 552 1371 non
567 1306 659 1372 facies
674 1308 733 1372 tibi
748 1309 880 1373 idolum:
902 1326 962 1373 non
982 1326 1084 1372 sumes
1098 1326 1208 1372 nomen
1222 1307 1280 1372 Dei
1294 1306 1342 1371 tui
1356 1307 1389 1371 in
1403 1326 1533 1372 uanum:

406 1409 532 1474 sabbato
552 1411 675 1475 nullum
695 1429 770 1492 opus
790 1411 897 1475 facies:
918 1410 1082 1476 honorifica
1102 1411 1221 1492 patrem
1240 1411 1330 1475 tuum
1351 1411 1382 1474 et
1403 1410 1534 1474 matrem

405 1513 509 1577 tuam:
526 1531 591 1576 coa
606 1513 736 1579 occidam
752 1532 813 1579 non
827 1514 1049 1579 moechaberis:
1070 1532 1131 1579 non
1145 1513 1264 1578 furtum
1278 1513 1385 1577 facies:
1399 1531 1460 1577 non
1474 1511 1534 1578 fal-

406 1632 475 1679 sum
500 1615 715 1682 testimonium
740 1616 820 1681 dices
843 1618 988 1681 aduersus
1010 1617 1184 1699 proximum
1204 1617 1310 1681 tuum:
1339 1633 1399 1689 non
1424 1632 1533 1680 concu-

405 1718 503 1798 pisces
519 1719 685 1800 quicquam
700 1720 831 1801 proximi
844 1719 902 1784 tui.

369 1839 397 1880 ro
448 1820 508 1884 His
534 1840 552 1885 a
577 1823 641 1886 Deo
667 1822 768 1900 dictis,
792 1841 863 1887 cum
889 1823 982 1887 tubae
1005 1822 1296 1904 circumstreperent,
1315 1821 1470 1903 lampades
1485 1821 1533 1884 in-
1546 1823 1584 1886 18

406 1923 603 2002 ardescerent,
620 1927 756 1990 montem
771 1924 875 1990 fumus
891 1926 1056 2011 obtegeret,
1076 1927 1206 2008 populus
1220 1944 1291 2007 prae
1305 1925 1415 1989 timore
1430 1923 1534 1989 inhor-

404 2025 478 2103 ruit,
495 2027 588 2091 uerba
598 2028 657 2092 Dei
671 2047 731 2093 non
746 2029 912 2093 sustinens:
927 2029 1124 2111 poposcitque
1135 2048 1154 2093 a
1164 2030 1278 2112 Moyse,
1294 2029 1330 2092 ut
1340 2028 1400 2109 ipsi
1411 2028 1534 2092 tantum

405 2128 580 2209 loqueretur
593 2131 676 2195 Deus
697 2132 789 2213 atque
809 2132 854 2196 ita
868 2133 975 2196 audita
989 2133 1027 2196 ad
1042 2132 1190 2214 populum
1204 2130 1338 2195 referret.
1365 2131 1464 2196 edicta
1478 2142 1561 2195 aua

405 2232 469 2295 tem
484 2232 543 2296 Dei
568 2233 607 2297 ad
633 2234 759 2317 Moysen
783 2235 874 2298 istius
900 2236 985 2299 modi
1011 2236 1097 2299 sunt:
1127 2235 1284 2299 Hebraeus
1308 2253 1383 2315 puer
1407 2233 1534 2315 pecunia

371 2356 395 2395 rs
405 2336 527 2416 emptus
542 2354 593 2400 sex
607 2337 694 2401 annis
709 2338 836 2415 seruiet,
857 2338 927 2419 post
940 2338 1015 2401 haec
1028 2337 1106 2401 liber
1120 2338 1193 2401 erit:
1215 2336 1321 2418 sponte
1342 2337 1445 2400 autem
1464 2354 1533 2416 per·

405 2438 541 2502 manenti
556 2439 589 2502 in
600 2440 747 2504 seruitute
759 2440 840 2503 auris
856 2439 1015 2504 forabitur.
1031 2440 1085 2523 qui
1096 2440 1252 2503 hominem
1266 2438 1419 2516 occiderit,
1435 2438 1533 2519 capite

404 2558 513 2621 poenas
528 2542 608 2606 luet:
624 2543 677 2625 qui
697 2543 889 2624 imprudens,
910 2543 970 2607 rite
985 2543 1055 2606 exul
1068 2543 1136 2607 erit.
1162 2542 1216 2625 qui
1230 2541 1349 2623 patrem
1363 2541 1533 2604 matremue

403 2644 573 2724 pulsauerit
593 2645 803 2711 conuiciumue
823 2647 867 2710 eis
887 2647 1018 2724 dixerit,¹
1036 2645 1160 2727 capitali
1181 2643 1329 2726 supplicio
1344 2643 1484 2708 afficitor.
1506 2643 1561 2711 si3

404 2747 472 2827 quis
487 2748 663 2812 Hebraeum
678 2749 858 2831 subreptum
872 2749 1059 2827 uendiderit,
1081 2748 1174 2813 morti
1188 2748 1321 2812 dabitur.
1344 2747 1371 2810 si
1385 2746 1456 2829 quis
1469 2764 1532 2810 ser·

367 2868 395 2909 ao
404 2869 480 2913 uum
494 2851 652 2932 proprium
667 2870 826 2916 seruamue
840 2852 1021 2934 percusserit
1035 2869 1130 2932 exque
1145 2868 1179 2914 eo
1194 2852 1259 2915 ictu
1273 2850 1399 2928 obierit,
1415 2868 1484 2914 reus
1499 2850 1532 2914 in

404 2951 516 3016 iudicio
531 2953 593 3018 fiet.
610 2954 637 3017 si
652 2955 721 3037 quis
735 2956 859 3036 partum
873 2973 932 3019 non
947 2953 1153 3018 deformatum
1167 2953 1291 3017 mulieri
1302 2951 1487 3017 excusserit.
1502 3003 1508 3016 .
1523 3003 1530 3017 .

403 3055 469 3119 neci
489 3055 622 3120 dabitur.
644 3057 671 3121 si
692 3057 760 3139 quis
776 3075 862 3121 seruo
878 3056 1003 3120 oculum
1017 3057 1071 3119 aut
1086 3056 1208 3119 dentem
1228 3056 1402 3133 extorserit,
1425 3073 1531 3119 seruus

402 3157 540 3222 uindicta
554 3158 743 3223 liberabitur.
766 3160 871 3223 taurus
887 3158 914 3222 si
928 3159 1085 3222 hominem
1100 3158 1258 3235 occiderit,
1279 3158 1482 3239 lapidabitur:
1503 3158 1561 3221 si4

403 3259 543 3325 dominus
559 3263 655 3327 sciens
670 3262 784 3326 bestiae
796 3262 911 3326 uitium
921 3279 982 3326 non
997 3260 1192 3338 consuluerit,
1208 3261 1239 3324 et
1253 3261 1318 3341 ipse
1332 3259 1529 3341 lapidabitur,

365 3375 393 3416 ιι
403 3363 455 3426 aut
469 3364 567 3444 pretio
582 3383 613 3428 se
628 3365 769 3443 redimat,
784 3365 817 3429 in
832 3364 982 3446 quantum
996 3363 1152 3427 accusator
1166 3362 1344 3444 poposcerit.
1360 3363 1387 3427 si
1407 3379 1531 3426 seruum

400 3466 507 3530 taurus
522 3467 680 3546 occiderit,
703 3468 735 3532 in
756 3468 885 3551 triginta
907 3466 1093 3530 didrachmis
1109 3465 1235 3547 pecunia
1250 3465 1373 3529 domino
1387 3483 1530 3529 numera·

401 3566 493 3634 bitur.
516 3570 543 3634 si
558 3569 627 3652 quis
642 3569 797 3635 defossum
817 3570 919 3633 lacum
939 3588 1000 3633 non
1015 3569 1201 3650 cooperuerit
1215 3586 1366 3651 pecusque
1380 3568 1413 3632 in
1427 3568 1558 3634 lacum5

506 3735 927 3816 ammmmm

450 3925 470 3981 4
486 3926 538 3979 Dei
550 3927 633 3980 alieni
651 3929 666 3981 b
723 3928 841 3987 baumes
854 3929 881 3982 P
942 3928 1025 3984 laon
1036 3928 1137 3982 occides
1150 3945 1198 3983 orn.
1219 3928 1247 3981 P
1311 3927 1347 3985 13
1366 3929 1495 3982 Dominus
1513 3930 1529 3984 b

401 4011 437 4069 16
456 4013 502 4080 qui
514 4012 627 4081 prudens
640 4013 773 4067 hominem
786 4013 917 4083 Sipoae'oa
970 4013 1007 4071 18
1026 4014 1225 4082 conuiciumque
1243 4015 1297 4079 Pb,
1322 4031 1369 4069 era.
1389 4015 1423 4070 de
1440 4016 1529 4069 Proto

409 4099 421 4165 l!
442 4098 595 4152 afficiturP
640 4099 680 4156 20
691 4100 766 4168 isque
778 4101 893 4154 mdabat
910 4101 1002 4154 Voocb
1021 4101 1033 4169 ΙΙ
1053 4101 1171 4154 inemo
1218 4101 1255 4157 21
1268 4101 1423 4170 excusserit]
1436 4102 1526 4156 and.

397 4186 442 4252 21,
454 4187 509 4238 22:
537 4184 604 4239 ’ndo
625 4187 656 4239 oi
676 4182 820 4256 μάχωνται
840 4182 891 4241 δύο
909 4184 1009 4255 ἄνδρες
1020 4191 1068 4240 καὶ
1085 4183 1228 4249 πατάξωσι
1246 4195 1365 4258 γυναῖκα
1381 4192 1411 4244 ἐν
1427 4192 1529 4260 γαστρὶ

397 4270 523 4340 ἔχουσαν,
537 4276 585 4325 καὶ
595 4273 691 4342 ἐξέλθῃ
703 4270 734 4324 τὸ
747 4273 864 4326 παιδίον
875 4273 960 4339 αὐτῆς
969 4272 1010 4343 μὴ
1021 4275 1254 4344 ἒξεικοιιισμένον,
1268 4271 1416 4345 ἐπιζήμιον
1426 4279 1528 4345 ζημιω-

396 4352 523 4424 θήσεται·
541 4354 642 4411 καθότι
658 4356 692 4412 ἂν
709 4355 825 4430 ἐπιβάλῃ
842 4358 857 4412 ὁ
875 4358 945 4428 ἀνὴρ
963 4361 1012 4426 τῆς
1026 4356 1167 4429 γυναικός,
1182 4357 1265 4414 δώσει
1275 4362 1348 4431 μετὰ
1364 4358 1527 4432 ἀξιώματος.

397 4441 445 4497 ἐὰν
462 4444 494 4497 δὲ
511 4445 731 4514 ἐξεικονισμένον
747 4442 782 4516 ᾗ,
801 4440 885 4498 δώσει
902 4443 997 4514 ψυχὴν
1018 4445 1082 4500 ἀντὶ
1099 4448 1197 4516 ψυχῆς,
1224 4447 1372 4515 Swppleait
1388 4447 1422 4501 de
1438 4447 1528 4501 Proto

394 4530 548 4584 secaredam
559 4531 711 4584 Drusiana:
731 4530 754 4583 si
775 4530 835 4598 quis
855 4532 963 4599 partum
983 4547 1035 4585 non
1055 4532 1233 4586 deformatum
1252 4532 1360 4587 mulieri
1374 4533 1526 4596 excusserit,

397 4615 525 4684 [multam
536 4616 645 4684 pendet3
664 4617 688 4669 si
700 4616 887 4686 deformatum]
900 4617 959 4670 neci
970 4617 1086 4672 dabitur.
1139 4618 1178 4676 26
1196 4618 1315 4688 dragmis
1327 4620 1367 4685 P,
1386 4634 1433 4672 aaa.
1446 4619 1527 4674 Dm·

396 4702 458 4756 cios
471 4718 504 4757 ca
515 4702 606 4757 LXX
617 4701 706 4757 and.
720 4705 769 4772 21,
788 4706 826 4757 32

1278 4794 1328 4859 2*
