3834 5634
764 718 927 790 Dialogus
943 719 973 773 Π
990 719 1055 790 (ΙΠ)
1073 718 1153 778 1-2.
1467 717 1528 782 199

405 871 436 935 11
455 874 526 954 post
546 874 708 956 paululum
728 874 901 959 ingreditur
909 875 1073 959 «presbyter
1086 872 1252 939 Aetherius
1272 891 1343 938 cum
1363 871 1529 955 calupione

405 974 531 1040 diacono
554 977 585 1040 et
605 976 752 1043 Amatore
775 979 975 1045 subdiacono:
997 978 1169 1060 postremus
1189 976 1336 1041 Aurelius
1360 975 1528 1059 presbyter,

404 1077 602 1144 dulcissimus
627 1098 730 1160 meus,
752 1081 888 1165 longiore
902 1082 955 1146 uia
980 1081 1104 1146 ueniens
1130 1081 1257 1146 anbelus
1272 1079 1412 1144 occurrit.
1437 1076 1556 1157 (luidb

404 1181 549 1263 inquam,
572 1183 639 1247 tam
658 1183 760 1249 subito
785 1185 816 1248 11
835 1184 984 1266 insperati
998 1186 1065 1249 tam
1079 1202 1115 1248 er
1129 1183 1258 1248 diuersis
1272 1181 1448 1266 regionibus
1462 1182 1529 1245 tam

382 1303 493 1349 amane
508 1286 710 1351 concurritis?
731 1287 810 1366 Nos,
833 1287 992 1369 inquiunt,
1014 1287 1155 1352 hestomo
1171 1287 1386 1370 cognouimus,
1402 1282 1529 1348 Gallum

404 1387 501 1452 istum
528 1407 583 1470 per
606 1388 709 1454 totum
734 1390 817 1455 diem
841 1390 970 1455 Martini
996 1408 1134 1456 narrasse
1148 1390 1296 1469 uirtutes,
1319 1389 1351 1454 et
1365 1387 1483 1469 reliqua
1497 1387 1529 1451 in

404 1490 585 1555 hodiernum
600 1492 698 1571 diem,
721 1492 793 1574 quia
806 1511 866 1557 nor
880 1495 1083 1576 oppresserat,
1099 1492 1270 1557 distulisse:
1290 1492 1448 1573 propterea
1462 1508 1529 1554 ma-

405 1593 580 1658 turauimus
606 1593 747 1677 frequens
773 1586 961 1661 auditorium
986 1594 1084 1660 facere
1109 1597 1147 1660 do
1177 1596 1265 1660 tanta
1289 1593 1420 1659 materia
1444 1593 1530 1656 locu-

404 1696 483 1760 turo.
506 1697 622 1762 interea
635 1697 797 1762 nuntiatur
811 1699 925 1769 multos
946 1699 1147 1763 saecularium
1168 1699 1248 1762 staro
1262 1715 1316 1779 pro
1327 1696 1460 1773 foribus,
1475 1704 1558 1758 neco

370 1819 396 1860 ro
404 1797 525 1882 ingredi
539 1800 700 1878 audentes,
724 1801 777 1865 sed
791 1802 828 1865 ut
842 1801 1079 1866 admitterentur
1092 1802 1243 1884 rogantes.
1266 1802 1336 1865 tum
1356 1797 1453 1880 Aper,
1475 1815 1530 1861 ne·

406 1920 569 1984 quaquam,
586 1902 702 1984 inquit,
719 1903 795 1967 istos
810 1904 898 1968 nobis
913 1904 1075 1969 admisceri
1090 1904 1247 1982 conuenit,
1263 1902 1337 1985 quia
1349 1902 1389 1966 ad
1404 1900 1530 1966 audien-

404 2004 479 2068 dum
505 2005 681 2071 curiositate
707 2007 809 2088 potius
834 2026 928 2089 quam
953 2007 1100 2091 religiono
1125 2007 1282 2071 uenerunt.
1306 2003 1449 2069 confusus
1474 2014 1558 2086 ogou

403 2107 529 2171 illorum
544 2108 626 2188 uice,
649 2127 724 2190 quos
738 2126 799 2174 non
814 2110 1020 2174 admittendos
1041 2128 1105 2174 esse
1125 2109 1281 2187 censebat,
1304 2125 1392 2191 aegre
1406 2105 1531 2170 tandem

404 2210 540 2289 obtinui,
563 2212 599 2276 ut
619 2212 805 2276 Eucherium
825 2231 861 2276 er
881 2213 1005 2276 uicariis
1026 2213 1057 2276 et
1071 2211 1194 2277 Celsum
1209 2210 1408 2276 admitterent
1422 2227 1531 2273 consu·

368 2335 395 2376 :a
403 2314 516 2392 larem,
543 2314 636 2379 ceteri
661 2316 733 2379 sunt
758 2316 887 2396 repulsi.
914 2316 984 2379 tum
999 2314 1124 2380 Gallum
1150 2314 1252 2378 media
1273 2313 1306 2377 in
1329 2312 1399 2376 sede
1420 2328 1530 2392 conpo-

403 2417 522 2481 nimus:
545 2417 599 2499 qui
625 2436 696 2481 oum
722 2417 777 2482 diu
801 2418 898 2483 nobili
925 2436 981 2482 sua
1002 2417 1184 2482 uerecundia
1198 2415 1357 2480 silentium
1371 2413 1559 2492 tonuisset,8

403 2520 529 2584 tandem
544 2521 589 2584 ita
603 2538 725 2584 exorsus
741 2522 796 2586 est.

447 2621 654 2701 Conuenistis,
677 2623 793 2705 inquit,
816 2624 856 2688 ad
871 2642 920 2688 me
935 2622 1136 2701 audiendum,
1159 2621 1221 2686 uiri
1242 2620 1339 2686 sancti
1360 2620 1391 2684 et
1411 2617 1558 2696 diserti,2

403 2725 457 2789 sed
480 2725 638 2809 religiosas
664 2725 766 2807 potius
792 2745 885 2808 quam
900 2726 1005 2790 doctas
1019 2744 1122 2804 aures,
1143 2726 1179 2789 ut
1194 2725 1339 2802 arbitror,
1362 2722 1529 2800 adtulistis,

367 2827 540 2892 maudituri
564 2847 615 2892 me
640 2828 711 2892 fidoi
736 2829 862 2908 testem,
896 2848 956 2893 non
983 2828 1110 2894 oratoris
1136 2827 1222 2909 eopia
1246 2828 1430 2892 locuturum.
1454 2843 1531 2906 quae

402 2931 507 2995 autem
521 2930 661 2995 hesterno
676 2931 759 2996 diota
774 2933 860 3010 sunt,
875 2949 936 2997 non
950 2932 1123 2996 reuoluam:
1146 2931 1202 2995 illa
1216 2931 1269 3013 qui
1283 2948 1343 2995 non
1358 2928 1529 3006 audieumt,

404 3051 440 3101 ex
455 3033 615 3114 scripturis
630 3035 820 3118 cognoscent.
843 3053 923 3099 noua
941 3034 1161 3100 Postumianus
1181 3034 1319 3117 expectat
1333 3032 1558 3098 nuntiatmusa

403 3133 538 3215 Orienti,
561 3155 598 3201 no
624 3154 656 3201 se
681 3137 715 3201 in
740 3137 951 3219 conparatione
976 3138 1105 3202 Martini
1130 3136 1281 3219 praeferat
1306 3133 1472 3200 Occidendi.
1496 3153 1531 3199 ao

402 3238 539 3321 primum
553 3240 649 3323 gost't
664 3240 801 3319 animus,
824 3241 904 3326 quod
918 3240 1108 3325 Refrigerius
1129 3240 1162 3304 in
1182 3258 1287 3305 aurem
1301 3238 1455 3323 suggerit,
1478 3256 1530 3301 er-

366 3370 392 3410 r:
401 3341 528 3424 plicare:
551 3343 646 3407 resin
661 3341 832 3408 Oamutena
845 3344 931 3427 gesta
946 3344 993 3407 est
1007 3343 1142 3407 ciuitate.
1540 3350 1558 3403 3

456 3650 472 3705 1
491 3651 629 3720 presbyter
645 3653 679 3706 V:
697 3651 835 3721 presbyter
852 3653 942 3706 noster
954 3651 1027 3706 AFo
1048 3652 1060 3718 11
1083 3649 1239 3704 Etheriuso
1265 3651 1277 3717 11
1314 3649 1450 3718 calupione
1463 3648 1528 3703 BV:

402 3737 558 3806 calyppione
578 3739 619 3805 A,
638 3737 794 3806 calyppiono
811 3738 850 3802 F,
869 3736 1017 3806 Gallipione
1037 3753 1068 3805 o,
1086 3735 1217 3805 calliopio
1238 3736 1374 3790 Boethius
1438 3734 1530 3791 3111-

401 3822 512 3892 gioriA
534 3824 546 3890 11
569 3823 683 3877 occurrit
696 3823 797 3878 BMV:
818 3823 933 3877 cucurrit
944 3823 1017 3878 AFc
1087 3822 1152 3878 411
1168 3822 1205 3876 V:
1223 3824 1319 3875 ettam
1330 3821 1416 3892 AFo,
1434 3823 1490 3874 tam
1503 3820 1532 3874 Β

414 3909 426 3975 ΙΙ
449 3910 505 3961 tam
519 3911 597 3976 (octe
609 3910 652 3976 er)
665 3909 782 3963 deletam
794 3910 826 3963 ia
841 3909 868 3964 V
877 3909 970 3963 eadem
982 3925 1069 3963 cocao
1133 3908 1151 3966 5
1166 3908 1205 3973 ,lli
1225 3907 1269 3960 illi
1289 3923 1336 3961 nos
1361 3909 1387 3962 V
1406 3910 1418 3976 11
1441 3907 1531 3975 inquit

401 3993 502 4048 AF¹V
557 3993 576 4050 8
594 3994 626 4048 de
638 3996 716 4048 tanta
727 3995 841 4048 materia
857 3995 883 4049 V
900 3995 1003 4049 stood
1030 3994 1146 4049 Vorstc'a':
1169 3995 1276 4046 tantam
1296 3993 1438 4047 materiam
1458 3993 1532 4047 AFo

457 4079 494 4136 10
511 4082 636 4148 rogantes
657 4080 723 4135 BV:
741 4083 847 4134 orantes
868 4080 939 4136 AFo
998 4080 1034 4136 11
1053 4079 1143 4147 inquit
1163 4078 1230 4132 istos
1247 4080 1315 4134 AF:
1336 4080 1443 4147 quidem
1462 4079 1530 4131 istos

407 4166 442 4230 V,
462 4166 529 4219 istos
552 4166 679 4234 inquito
755 4166 915 4235 12118111Ἴ
930 4183 976 4234 pr.
997 4183 1031 4219 m.
1127 4166 1164 4223 13
1184 4166 1293 4220 tandem
1314 4166 1354 4220 ed.
1377 4165 1529 4218 Parisino:

401 4253 493 4304 tamen
514 4251 578 4306 labri
642 4251 679 4308 14
697 4251 853 4306 admitteret
873 4252 901 4304 B
971 4252 1007 4309 15
1031 4252 1132 4321 repulsi
1155 4255 1219 4306 sunt
1241 4253 1272 4306 F
1300 4253 1312 4319 ΙΙ
1343 4252 1372 4305 in
1394 4250 1482 4303 media
1502 4248 1531 4304 A

455 4336 492 4392 17
510 4338 600 4390 tamen
612 4337 643 4390 F
647 4353 691 4404 pr.
705 4354 737 4391 m.
811 4336 848 4393 18
865 4337 920 4390 uiri
936 4337 1025 4391 sancti
1049 4339 1085 4392 V:
1106 4340 1134 4393 et
1154 4337 1240 4392 sancti
1251 4338 1324 4392 Allo
1394 4335 1531 4392 illudio

454 4421 494 4478 20
504 4422 567 4477 fidei
579 4424 678 4476 testem
693 4422 1352 4493 111111111111ΑΡ,11111111(1111111111
1397 4420 1531 4490 2211111-

401 4508 472 4562 turis
488 4508 523 4563 V:
543 4509 670 4577 scriptore
683 4509 724 4576 Β,
743 4509 850 4576 scriptis
862 4508 935 4564 AFo
957 4510 970 4577 11
992 4511 1150 4577 cognoscent
1170 4509 1239 4563 BV:
1257 4508 1443 4577 recognoscent
1459 4506 1532 4562 AFo

454 4594 494 4650 24
512 4594 643 4662 explicare
656 4595 750 4650 BFV:
768 4594 895 4664 erplieari
907 4596 951 4649 Aa
1004 4596 1043 4655 25
1056 4599 1200 4650 camptona
1216 4595 1251 4649 V:
1264 4596 1403 4649 oamntum
1415 4594 1455 4659 B,
1474 4609 1530 4647 car·

401 4681 499 4734 notena
511 4680 583 4736 AFo
