3834 5634
883 724 989 794 Epist.
1013 725 1035 778 1.
1465 726 1529 790 223

400 884 597 960 sequeremini.
622 886 708 958 atque
731 887 765 942 ut
787 884 914 958 exemplo
936 901 998 943 meo
1018 901 1069 958 pro
1089 883 1171 944 nobis
1191 886 1220 942 et
1240 884 1296 958 ipsi
1321 885 1383 960 pati
1398 884 1528 958 possetis,

399 1007 449 1064 pro
472 988 554 1048 uobis
569 1005 621 1062 ego
636 1004 738 1061 passus
754 1005 832 1060 sum,
855 1004 891 1046 ne
906 987 1051 1046 dubitaret
1072 988 1155 1046 homo
1176 1005 1227 1061 pro
1243 988 1349 1062 sepeli
1364 989 1438 1062 quod
1454 988 1531 1046 Deus

399 1109 449 1166 pro
471 1091 584 1150 homine
606 1090 781 1164 pertulisset.
805 1107 856 1164 ego
877 1107 922 1149 me
937 1087 1009 1168 post]
1022 1091 1271 1163 resurrectionem,
1293 1108 1330 1150 ne
1344 1090 1420 1169 {fides
1435 1093 1532 1148 uestra

399 1194 633 1266 confunderetur,
657 1194 776 1252 ostendi.
801 1211 852 1267 ego
879 1193 910 1251 in
930 1195 1016 1252 Petro
1038 1194 1158 1253 Iudaeos
1178 1194 1289 1267 monui,
1318 1211 1369 1267 ego
1390 1193 1421 1251 in
1440 1193 1531 1251 Paulo

378 1297 533 1370 ⁵gentibus
548 1296 725 1371 praedicaui:
750 1313 802 1355 nec
824 1296 966 1370 paenitet:
990 1299 1035 1355 ost
1050 1296 1162 1356 fructus
1176 1298 1321 1356 bonorum.
1345 1313 1416 1370 opus
1437 1313 1531 1353 meum

398 1399 465 1458 boni
487 1400 707 1473 intellexerunt,
737 1399 916 1474 perfecerunt
942 1399 1054 1472 fideles,
1079 1399 1149 1459 iusti
1170 1400 1377 1473 impleuerant,
1401 1415 1531 1457 consum-

398 1505 550 1562 mouerunt
564 1503 774 1561 misericordes:
798 1506 827 1561 et
847 1519 952 1576 magna
973 1519 1040 1576 pars
1053 1504 1228 1577 martyrum,
1252 1519 1357 1576 magna
1371 1503 1532 1560 sanctorum

399 1608 452 1663 est.
476 1605 506 1663 in
522 1607 618 1664 eodem
634 1608 708 1664 certe
724 1608 753 1664 et
768 1605 818 1664 isti
834 1621 962 1678 corpore,
983 1605 1013 1663 in
1029 1606 1124 1664 eodeni
1140 1605 1256 1665 fuerunt
1271 1606 1384 1664 mundo.
1401 1620 1451 1662 cur
1465 1603 1531 1661 nul-

399 1708 459 1765 lum
474 1708 505 1765 in
520 1709 601 1767 uobis
616 1708 721 1767 bonum
736 1725 822 1781 opus,
845 1724 916 1781 gens
933 1708 1064 1781 uipereae
1087 1709 1201 1782 stirpis,
1224 1705 1361 1768 inuenio?
1383 1706 1531 1780 paeniten-

365 1811 469 1869 retiam
486 1811 625 1869 melorum
641 1814 801 1869 uestrorum
821 1828 873 1870 nec
894 1811 947 1869 sub
966 1811 1070 1869 ultima
1084 1811 1130 1869 die
1144 1811 1234 1870 uestri
1249 1811 1315 1870 finis
1330 1809 1439 1884 egistis.
1464 1809 1533 1882 quid

400 1915 495 1973 autem
511 1914 617 1973 attinet
633 1916 707 1987 quod
722 1931 766 1972 me
781 1913 868 1973 labiis
885 1914 1019 1986 adoratis
1037 1914 1062 1972 si
1077 1913 1162 1972 factis
1177 1917 1206 1973 et
1221 1914 1352 1986 operibus
1365 1908 1533 1986 denegetis?

400 2016 450 2074 ubi
475 2033 551 2075 nunc
571 2018 683 2075 uestrae
704 2016 838 2089 diuitiae,
867 2017 917 2074 ubi
939 2018 1072 2089 honores,
1101 2016 1151 2075 ubi
1177 2016 1319 2089 potentie,
1343 2016 1392 2074 ubi
1421 2016 1533 2074 nestrae

402 2122 469 2178 sunt
491 2117 677 2193 uoluptates?
706 2121 818 2178 nullam
838 2136 941 2178 nouam
956 2117 993 2177 in
1014 2136 1066 2178 uos
1088 2120 1190 2178 mando
1213 2119 1399 2178 sententiam:
1421 2117 1534 2176 habetis

401 2222 539 2281 iudicium
555 2223 629 2295 qnod
645 2224 711 2281 ente
726 2206 872 2296 praedixi'.

368 2337 392 2376 1⁵
444 2325 523 2383 Tunc
537 2325 611 2383 illud
628 2325 740 2383 miseris
756 2324 944 2398 Euangelisto
963 2324 1110 2383 recitabit:
1133 2311 1201 2382 ‘ite
1223 2324 1260 2382 in
1282 2323 1456 2382 tenebras
1478 2321 1562 2379 ex-'l

401 2428 577 2500 teriores,
613 2428 674 2486 ubi
696 2427 771 2486 erit
792 2427 912 2486 fletus
943 2430 978 2485 et
1005 2427 1143 2485 stridor
1173 2412 1355 2484 dentium'.
1390 2423 1532 2495 omiseri,

402 2547 472 2604 quos
487 2530 545 2589 ista
559 2547 616 2588 non
631 2532 812 2603 permouent:
836 2530 975 2588 uidebunt
989 2547 1070 2588 sueni
1086 2546 1204 2603 poenam
1220 2531 1250 2589 et
1265 2528 1385 2586 eliorum
1401 2525 1531 2600 gloriam.

401 2635 522 2692 utantur
543 2634 669 2706 saeculo,
694 2635 761 2691 dum
784 2633 953 2692 eotemiteto
974 2633 1042 2705 ille,
1066 2647 1139 2705 quae
1159 2631 1265 2690 sanctis
1285 2631 1455 2704 praeparata
1478 2629 1531 2700 est,

401 2753 458 2794 non
472 2736 621 2795 fruentur:
647 2736 767 2794 effluant
782 2736 903 2808 diuitiis,
927 2752 996 2794 auro
1018 2735 1167 2807 incubent,
1190 2736 1257 2793 duni
1276 2734 1318 2792 ibi
1339 2734 1468 2806 egentes,
1493 2730 1535 2788 ibi

367 2865 393 2906 20
401 2838 499 2912 inopes
521 2840 782 2912 deprehendantur:
814 2839 917 2897 sintin
942 2839 1053 2897 saeculo
1078 2837 1201 2909 diuites,
1225 2838 1292 2895 dnm
1313 2836 1344 2894 in
1365 2834 1535 2894 aeternitate

402 2941 460 2999 sint
490 2958 645 3014 pauperes,
670 2943 704 3000 de
735 2941 839 3015 quibus
869 2941 1006 3015 scriptum
1033 2943 1090 2999 est:
1120 2929 1276 2999 ‘diuites
1298 2938 1477 3013 eguerunt
1499 2939 1536 2995 et

350 3066 353 3072 ²
402 3027 633 3102 esurierunt'.
660 3044 862 3118 consequentia
882 3047 978 3103 eutem
1000 3046 1035 3103 de
1055 3044 1137 3103 bonis
1158 3043 1300 3117 scriptura
1314 3040 1449 3100 subiecit:
1471 3027 1539 3097 ‘in-

402 3145 595 3218 quirentes
618 3149 739 3204 autem
755 3147 944 3205 Dominum
959 3164 1031 3206 non
1054 3147 1283 3206 deficientur
1305 3144 1403 3204 omni
1425 3128 1537 3202 bono'.

444 3248 561 3321 Itaque,
586 3265 677 3321 soror,
694 3249 762 3307 licet
776 3267 828 3308 nos
843 3250 893 3307 isti
907 3249 1062 3322 irrideant,
1084 3250 1152 3308 licet
1168 3266 1219 3308 nos
1233 3249 1337 3307 stultos
1352 3246 1538 3318 infelicesque

369 3354 647 3424 recommemorent,
671 3351 784 3410 felicius
803 3354 978 3426 gaudeamus
1001 3351 1174 3426 opprobriis,
1205 3350 1308 3423 quibus
1334 3349 1416 3408 nobis
1437 3346 1539 3424 gloria,

407 3454 468 3513 illis
489 3470 580 3528 poena
605 3456 776 3513 cumulatur.
799 3472 851 3513 nec
871 3455 1014 3513 rideamus
1035 3454 1151 3513 illorum
1171 3453 1340 3524 stultitiam,
1364 3452 1413 3511 sed
1440 3449 1537 3523 potius
1578 3530 1581 3537 Ι

404 3557 602 3616 infelicitatem
630 3558 792 3630 doleamus,
817 3558 885 3632 quie
904 3558 980 3616 inter
1000 3558 1067 3616 illos
1087 3575 1154 3631 pars
1176 3574 1283 3630 magna
1302 3558 1464 3615 nostrorum
1484 3556 1538 3627 est,

405 3677 475 3732 quos
498 3660 523 3717 si
545 3659 618 3717 lucri
640 3659 731 3718 fecere
753 3661 909 3733 possimus,
934 3662 1055 3734 augetur
1076 3661 1106 3718 in
1121 3660 1202 3718 nobie
1217 3659 1317 3733 gloria.
1342 3660 1391 3717 sed
1406 3659 1494 3731 agant
1510 3674 1539 3716 se

406 3765 439 3820 ut
454 3764 573 3835 uolunt,
598 3763 656 3820 sint
677 3763 758 3821 nobie
775 3765 912 3836 tanquam
926 3764 1049 3837 gentiles
1065 3766 1094 3821 et
1108 3763 1269 3836 publicani:
1294 3779 1345 3819 nos
1361 3779 1427 3819 uero
1444 3761 1539 3820 saluos

372 3887 398 3930 eo
406 3865 617 3937 incolumesque
643 3867 782 3924 tueamur.
808 3867 832 3924 si
857 3867 903 3923 illi
929 3884 1004 3924 nunc
1029 3866 1111 3924 nobis
1127 3866 1299 3924 dolentibus
1314 3861 1465 3938 gaudent,
1489 3882 1540 3922 nos

407 3970 505 4040 postea
527 3967 557 4024 in
581 3967 697 4025 illorum
724 3969 819 4028 dolore
844 3969 1039 4042 gaudebimus.
1070 3969 1148 4040 uale,
1180 3986 1258 4028 soror
1285 3968 1433 4027 carissima
1462 3967 1541 4026 etin

410 4070 523 4128 christo
541 4070 735 4129 dilectissima.

513 4238 550 4295 15
568 4238 667 4290 blatth.
682 4237 728 4301 22,
750 4237 793 4292 13.
814 4237 859 4300 25,
880 4237 926 4293 30.
980 4237 1017 4292 21
1037 4237 1080 4289 Ps.
1100 4236 1146 4301 33,
1167 4238 1211 4293 11.
1283 4238 1321 4294 22
1340 4237 1403 4290 ibid,

462 4391 610 4460 lpossitie
627 4393 664 4446 Cb
726 4391 912 4459 imartyrum
933 4390 1084 4443 Boiocalus:
1104 4392 1279 4446 moturumO
1328 4392 1366 4446 22
1384 4406 1543 4459 consequen-

409 4477 486 4530 terb
561 4476 599 4533 23
616 4477 845 4533 delicianturnos:
867 4475 990 4528 deficient
1017 4476 1054 4531 Cb
1110 4477 1148 4534 28
1167 4477 1341 4530 lucrificareb
1399 4476 1437 4532 29
1455 4477 1543 4545 pupli-

410 4562 469 4615 cani
486 4563 510 4617 Ο
560 4562 597 4618 32
616 4561 735 4630 Explicit
748 4561 861 4629 epistole
874 4561 959 4613 seueri
974 4562 1125 4631 presbytori
1138 4563 1171 4616 ad
1184 4562 1317 4616 claudiam
1330 4577 1444 4615 sororem
1457 4579 1542 4616 suern.

410 4648 510 4717 Incipit
522 4648 636 4716 epistola
649 4649 735 4701 sancti
748 4647 834 4700 seueri
847 4647 880 4699 ad
893 4647 1002 4700 eerrdom
1015 4647 1047 4700 de
1059 4649 1221 4717 uirginitate
1239 4649 1263 4701 (J
