3834 5634
474 734 516 805 22
893 739 1040 809 Sulpicii
1059 739 1174 794 Seueri

473 892 598 960 ualeret.
620 895 673 960 sed
688 914 759 960 cum
774 897 918 961 mandata
932 897 991 962 Dei
1004 897 1156 961 relaturus
1171 895 1265 973 esset,
1286 894 1411 958 uultum
1425 892 1601 957 uelamento

473 998 605 1076 obtexit,
626 999 717 1080 atque
739 999 784 1063 ite
798 999 836 1062 ad
851 1000 1000 1081 populum
1014 998 1116 1064 uerbis
1131 999 1189 1064 Dei
1204 998 1324 1062 locutus
1338 997 1394 1061 est.
1415 996 1472 1059 hoc
1486 995 1519 1060 in
1533 995 1600 1058 loco

473 1102 703 1167 tabernaculum
725 1103 965 1184 interiorumque
986 1103 1051 1167 eius
1073 1100 1242 1167 aedificatio
1263 1099 1418 1165 referetur.
1445 1115 1505 1181 qno
1527 1115 1599 1162 con-

423 1206 462 1260 10
473 1206 626 1270 summata
640 1206 736 1270 nubes
751 1223 878 1287 superne
893 1206 1007 1270 decidit
1021 1207 1113 1288 atque
1126 1205 1172 1269 ita
1185 1204 1416 1268 tabernaculum
1435 1201 1599 1265 obumbra·

471 1308 534 1386 uit,
556 1309 592 1372 ut
610 1309 713 1390 ipsum
733 1310 858 1392 Moysen
878 1309 965 1373 aditu
984 1308 1165 1372 excluderet.
1185 1307 1260 1372 haec
1279 1305 1341 1370 fere
1361 1305 1479 1369 duobus
1499 1303 1598 1379 libris,
1622 1329 1637 1367 s

471 1409 582 1476 Genesi
597 1412 688 1493 atque
702 1412 816 1489 Exodo,
832 1412 1034 1476 continentur.

421 1515 462 1577 2⁰
513 1515 592 1580 Exin
609 1515 765 1580 Louiticus
786 1515 865 1579 liber
875 1515 1028 1597 seqnitur,
1051 1514 1085 1579 in
1099 1531 1158 1596 quo
1172 1512 1284 1577 litandi
1298 1511 1457 1593 praecepta
1470 1510 1600 1574 bedun-

469 1619 531 1697 tur,
540 1618 685 1683 mandata
694 1618 789 1683 etiam
800 1619 880 1684 latae
892 1618 1030 1700 superius
1041 1616 1105 1700 legi
1115 1616 1277 1693 adduntur,
1286 1615 1375 1696 plena
1386 1613 1489 1677 omnia
1499 1630 1599 1676 sacer-

469 1722 623 1787 dotalibus
637 1723 799 1787 institutis.
823 1741 900 1805 quae
914 1723 941 1787 si
956 1722 1025 1804 quis
1039 1739 1217 1805 cognoscere
1231 1719 1328 1797 uolet,
1349 1717 1513 1800 perfectius
1527 1717 1598 1781 inde

470 1825 578 1907 capiet.
594 1843 649 1889 nos
664 1826 747 1890 euim
761 1826 894 1908 suscepti
909 1826 1007 1908 operis
1021 1824 1148 1888 modum
1163 1823 1366 1887 custodientes
1382 1821 1478 1885 solam
1498 1819 1598 1883 histo·
1607 1842 1636 1882 re

441 1918 548 1993 uriam
562 1929 780 2011 persequimur,
807 1929 909 2013 Igitur
922 1929 999 1992 Leni
1012 1928 1097 1993 tribu
1111 1927 1144 1992 in
1158 1926 1362 1992 sacerdotium
1376 1924 1534 2008 segregata
1548 1941 1598 1986 re·

441 2030 571 2112 sliquae
585 2030 686 2095 tribus
701 2031 909 2097 dinumeratae
923 2033 1101 2113 reperteque
1115 2030 1276 2095 hominum
1290 2018 1336 2093 n‘c
1356 2029 1387 2092 et
1400 2015 1442 2092 ᾖ
1461 2045 1496 2090 n.
1526 2044 1597 2090 oum

469 2151 541 2216 ergo
555 2134 685 2216 populus
700 2153 828 2198 menuae
843 2134 925 2213 cibo,
941 2135 978 2198 ut
992 2153 1083 2216 supra
1097 2134 1274 2211 retulimus,
1297 2133 1449 2208 uteretur,
1464 2131 1512 2194 tot
1526 2131 1597 2193 tau·

468 2235 569 2318 tisque
582 2237 736 2302 beneficiis
747 2238 815 2314 Dei,
832 2239 868 2302 ut
883 2256 1010 2320 semper,
1028 2238 1167 2321 ingratus
1178 2237 1265 2315 uides,
1282 2236 1392 2318 quibus
1406 2235 1439 2298 in
1453 2233 1596 2316 Aegypto

439 2340 657 2418 4assueuerat,
686 2340 885 2405 desiderabat.
914 2342 985 2405 tum
1006 2342 1090 2406 Deus
1116 2341 1287 2405 inmensam
1314 2338 1431 2420 oopiam
1459 2335 1595 2400 coturni·
1605 2358 1633 2397 rs

468 2459 539 2506 cum
554 2443 661 2507 castris
676 2443 799 2509 intulit:
820 2463 896 2527 quas
916 2463 987 2508 oum
1009 2444 1099 2509 auide
1113 2443 1288 2525 diriperent,
1303 2440 1488 2524 primoribus
1502 2439 1596 2503 labiis

467 2544 600 2610 admotis
612 2547 752 2612 carnibus
764 2547 939 2613 interibant.
952 2566 1124 2632 magnaque
1135 2565 1169 2611 eo
1181 2545 1231 2610 die
1241 2545 1274 2610 in
1286 2544 1393 2609 castris
1408 2543 1508 2607 clades
1522 2541 1595 2621 fuit,

467 2647 540 2712 adeo
555 2651 591 2713 ut
602 2634 652 2714 ᾗ
667 2651 698 2715 et
709 2634 754 2715 'uir
768 2651 905 2714 virorum
919 2651 1033 2732 perisse
1046 2650 1216 2715 tradantur.
1232 2649 1277 2713 ita
1290 2648 1421 2730 populus
1435 2664 1479 2723 eo,
1503 2663 1595 2727 quom

439 2752 673 2830 tdeeiderabat,
695 2753 762 2817 cibo
776 2753 903 2834 punitus
918 2755 973 2817 est.
997 2754 1067 2818 inde
1088 2754 1263 2835 promotum
1278 2769 1388 2836 agmen
1402 2751 1434 2814 et
1448 2750 1480 2814 iu
1494 2750 1595 2813 Fauen

466 2854 594 2918 uentum
608 2855 670 2918 est:
688 2855 870 2937 edoctusque
885 2874 903 2919 a
918 2857 982 2919 Deo
993 2857 1123 2940 Moyses,
1139 2856 1274 2920 uicinam
1288 2852 1353 2919 os'se
1367 2855 1491 2930 terram,
1507 2853 1594 2916 cuiue
1605 2871 1634 2913 2ο

465 2956 684 3038 possessionem
705 2958 749 3022 eis
768 2960 949 3039 promiserat
969 2960 1068 3038 Deus,
1091 2958 1330 3041 exploratoribus
1349 2957 1382 3022 in
1403 2975 1470 3021 eam
1490 2955 1595 3020 missis

465 3059 672 3138 renuntiatur,
688 3059 810 3126 felicem
824 3062 908 3126 omni
924 3063 1010 3145 copia
1023 3081 1088 3127 esse
1101 3063 1265 3146 regionem,
1287 3061 1339 3124 sed
1354 3060 1461 3145 gentes
1475 3058 1596 3122 ualidas

438 3162 497 3225 set
511 3162 632 3227 munite
645 3163 822 3248 ingentibus
837 3166 934 3229 muris
949 3166 1070 3248 oppida.
1093 3166 1172 3248 quod
1188 3165 1241 3229 ubi
1262 3164 1373 3246 populo
1394 3162 1595 3243 compertum,

465 3285 578 3350 magna
598 3268 715 3332 mentes
735 3268 875 3333 omnium
894 3268 1026 3334 formido
1046 3269 1224 3334 incesserat:
1245 3284 1339 3349 eoque
1360 3265 1436 3329 mali
1455 3265 1597 3341 uentum,

568 3491 603 3547 11
622 3491 701 3546 sum.
722 3491 738 3547 1
756 3506 812 3560 sqq.
863 3492 899 3548 14
916 3492 995 3546 sum.
1017 3492 1060 3548 11.
1099 3490 1135 3547 17
1153 3490 1231 3544 unm.
1252 3489 1297 3554 12,
1318 3503 1356 3556 sq.
1393 3487 1430 3543 22
1448 3484 1527 3540 sum.
1548 3485 1596 3542 14.

514 3677 686 3734 2Domiuib
749 3680 767 3737 3
785 3680 958 3734 tabcmaculd
975 3681 1016 3734 P:
1040 3678 1206 3733 tabernaculi
1229 3680 1244 3733 b
1264 3678 1276 3745 ll
1295 3677 1425 3731 referetur
1448 3676 1489 3729 P:
1513 3674 1596 3727 refer·

462 3765 508 3817 tur
529 3765 553 3832 b,
576 3780 630 3832 qao
646 3772 753 3834 recepto
769 3766 818 3821 hoc
834 3766 863 3820 in
879 3766 936 3820 loco
952 3767 1176 3834 interpretantur
1192 3765 1303 3819 ‘scilicet
1319 3764 1352 3816 ab
1369 3762 1464 3817 Exodi
1480 3778 1538 3829 cap.
1557 3763 1596 3814 35

463 3865 548 3917 aseae
571 3850 609 3903 ad
625 3850 708 3917 2222
731 3852 809 3906 iibri.
834 3851 937 3921 Quodsi
953 3852 1054 3906 codes
1069 3852 1210 3919 scriptura
1225 3865 1295 3904 aera
1311 3855 1363 3917 est,
1387 3848 1594 3902 adnotationem

464 3934 561 3989 Seueri
582 3935 615 3989 de
634 3952 665 3990 re
685 3937 825 4005 trabeatos,
843 3924 926 4005 qaam
946 3943 1125 3991 castraturae
1142 3942 1216 4004 erat,
1234 3935 1281 3990 sed
1293 3936 1496 4002 incertamque
1507 3948 1593 3987 caasa

458 4022 646 4088 praetermisit
706 4022 799 4093 8legi
825 4023 931 4077 Voaclc:
958 4023 1028 4092 legis
1049 4024 1093 4077 Pb
1146 4021 1184 4079 10
1200 4022 1389 4092 hystoriamP
1441 4021 1477 4077 11
1504 4035 1593 4088 perse·

463 4106 579 4176 quimur]
591 4110 631 4163 sic
643 4109 677 4174 P,
690 4125 748 4164 aaa
758 4109 953 4178 prosequimur,
965 4115 999 4164 at
1010 4109 1051 4162 ait
1067 4109 1101 4162 de
1112 4108 1201 4163 Prata
1254 4110 1291 4166 12
1309 4097 1360 4164 ,2-2
1379 4113 1407 4164 et
1424 4125 1477 4164 .m.
1496 4124 1531 4162 .u.
1556 4108 1592 4171 P,

461 4206 497 4246 nc
509 4194 536 4245 et
547 4208 585 4247 111
596 4210 619 4248 m
631 4195 646 4248 b
652 4215 663 4263 ;
675 4211 726 4249 aas
736 4196 896 4263 scripsimus
907 4187 948 4249 Πῖ
956 4196 1052 4250 addita
1063 4197 1143 4266 apae
1154 4197 1308 4250 maiieaario
1313 4237 1322 4264 ,
1336 4201 1369 4249 at
1379 4196 1436 4248 iam
1446 4195 1482 4250 sit
1493 4210 1590 4248 2222-

461 4293 511 4332 rus
522 4280 662 4334 2222222
674 4283 812 4349 603,500,·
829 4281 861 4335 ia
872 4287 972 4349 quarta
984 4283 1052 4337 libro
1061 4281 1244 4336 Pentatcacbi
1253 4282 1347 4349 (Nam.
1360 4286 1385 4348 1,
1398 4281 1447 4347 46)
1458 4295 1592 4334 namtas

462 4369 501 4419 est
513 4367 570 4418 603
580 4366 658 4419 mdia
670 4371 696 4420 ct
707 4368 762 4420 550
815 4366 851 4424 15
869 4366 1039 4421 desiderabat
1051 4368 1079 4422 P
1088 4367 1133 4435 (sc.
1148 4368 1243 4437 cibos):
1258 4368 1338 4436 dapes
1350 4366 1519 4421 desiderabat
1530 4366 1546 4419 b
1567 4366 1579 4432 ΙΙ

460 4450 630 4520 Dominusb,
648 4452 713 4506 222
723 4468 750 4505 2.
764 4453 801 4505 21
854 4451 890 4508 17
904 4452 1168 4508 cladesiucastrisb
1222 4452 1259 4509 18
1277 4443 1332 4506 Ex,
1352 4461 1379 4507 et
1396 4438 1449 4506 sffr.
1471 4451 1590 4505 uirorum

461 4536 502 4590 P:
520 4552 561 4591 xx
584 4539 611 4591 et
634 4551 671 4591 111
695 4537 813 4590 virorum
835 4537 923 4592 uiillia
947 4538 962 4591 b
982 4539 994 4606 ll
1014 4539 1114 4608 perisse
1130 4539 1274 4592 traduntur
1286 4538 1327 4607 P,
1351 4539 1463 4608 periisse
1479 4537 1592 4591 tradan-

459 4623 537 4677 turb
603 4623 639 4681 19
657 4621 855 4677 desiderauerat
873 4624 907 4678 ate
927 4624 1016 4680 Prata
1079 4624 1119 4681 20
1136 4623 1308 4679 aDomiuob
1379 4624 1417 4681 21
1436 4623 1590 4677 eimaiebat

461 4706 594 4764 dePrata
