3834 5634
779 759 943 827 Dialogus
960 759 975 813 I
992 758 1039 826 (Π,
1059 756 1151 826 6-8.)
1463 757 1524 820 189

399 914 523 978 tantum
549 913 581 977 in
603 915 669 978 uita
694 914 758 978 iam
779 913 1012 997 septuagenario
1031 933 1091 978 non
1113 913 1209 977 uidua
1224 913 1338 988 libera,
1361 930 1421 975 non
1436 910 1525 993 uirgo

399 1015 578 1093 lasciuiens,
595 1017 648 1080 sed
663 1016 719 1080 sub
735 1017 802 1082 uiro
817 1018 942 1095 uiuens,
959 1017 1026 1099 ipso
1041 1017 1108 1081 uiro
1127 1017 1243 1099 paritor
1258 1015 1460 1098 supplicante,
1476 1032 1526 1077 re·

400 1119 473 1202 gina
488 1119 618 1182 seruiuit
635 1119 667 1183 et
682 1119 874 1184 ministrauit
899 1120 1010 1198 edenti,
1031 1138 1090 1184 non
1107 1137 1178 1183 cum
1196 1116 1524 1201 epulantessdiscnbuit:

400 1239 455 1285 nec
470 1240 545 1285 ausa
559 1221 744 1303 participare
759 1223 953 1301 conuiuium,
977 1222 1030 1287 sed
1051 1221 1206 1287 deferebat
1226 1222 1414 1302 obsequium.
1444 1220 1555 1285 discet

379 1324 499 1406 sigitur
513 1324 724 1406 disciplinam:
748 1326 864 1389 seruiat
887 1326 947 1389 tibi
973 1327 1128 1403 matrona,
1151 1343 1211 1390 non
1232 1325 1378 1407 imperet,
1402 1324 1433 1387 et
1460 1341 1525 1387 ser·

399 1426 482 1503 uiet,
505 1445 565 1490 non
579 1427 753 1492 recumbat:
777 1428 857 1492 sicut
879 1428 1005 1493 Martha
1018 1428 1074 1492 illa
1088 1428 1281 1492 ministrabit
1296 1427 1448 1503 Domino,
1470 1442 1526 1489 nec

399 1530 505 1593 tamen
519 1531 566 1595 est
581 1530 700 1594 adscita
714 1531 869 1595 conuiuio:
892 1531 988 1596 immo
1003 1530 1142 1612 praelata
1157 1530 1205 1594 est
1219 1529 1426 1605 ministranti,
1446 1546 1525 1609 quae

399 1632 530 1696 uerbum
544 1633 646 1715 potius
661 1632 814 1698 audiebat.
839 1633 891 1698 sed
916 1634 948 1697 in
974 1633 1108 1697 Maltino
1133 1633 1195 1699 ista
1221 1633 1328 1715 regina
1358 1633 1525 1709 utrumque

400 1735 581 1817 compleuit:
605 1737 636 1800 et
651 1736 842 1801 ministrasit
856 1738 893 1800 ut
907 1736 1046 1814 Martha,
1062 1738 1094 1800 et
1109 1735 1229 1800 audiuit
1240 1737 1276 1799 ut
1286 1734 1401 1798 Maria.
1416 1731 1525 1813 quodsi
1536 1744 1558 1798 o

365 1861 391 1899 ιο
401 1837 469 1918 quis
483 1838 541 1903 hoc
556 1839 603 1903 uti
622 1838 755 1903 uoluerit
770 1839 923 1921 exemplo,
945 1839 1116 1921 peremnia
1130 1840 1249 1902 teneat:
1272 1838 1346 1902 talis
1371 1853 1463 1901 causa
1483 1834 1525 1898 sit

400 1940 533 2021 talisque
553 1960 696 2023 persona,
719 1943 782 2006 tale
807 1942 1004 2023 obsequium,
1027 1943 1090 2006 tale
1105 1941 1297 2018 conuiuium,
1322 1943 1353 2004 et
1378 1939 1411 2002 in
1436 1938 1525 2002 omni

400 2043 468 2107 uita
483 2044 578 2107 semel
592 2045 725 2108 tantum.
1126 2124 1128 2128 ¹

443 2144 618 2224 Praeclare,
651 2147 753 2228 inquit
777 2147 1015 2226 Postumianae,
1065 2150 1184 2213 nostros
1209 2149 1300 2224 istos,
1335 2147 1371 2208 ut
1396 2141 1554 2208 Martinit

399 2266 459 2311 non
474 2249 671 2330 egrediantur
686 2250 879 2332 exemplum,
902 2252 958 2314 tua
972 2251 1157 2333 constringit
1171 2250 1286 2328 oratio,
1310 2248 1363 2312 sed
1377 2247 1523 2330 profiteor

366 2380 390 2418 15
400 2350 460 2415 tibi
481 2352 553 2431 quia
574 2353 650 2417 haec
672 2353 772 2417 surdis
793 2353 919 2418 auribus
935 2354 1106 2419 audientur.
1130 2372 1203 2417 nam
1224 2354 1251 2417 si
1272 2352 1401 2417 Martini
1417 2357 1554 2432 seque-2

399 2473 503 2520 remur
529 2456 611 2533 uias,
633 2474 802 2537 numquam
826 2474 933 2520 causas
953 2457 991 2521 de
1013 2457 1115 2522 osculo
1136 2457 1307 2522 diceremus
1321 2457 1353 2518 et
1368 2454 1524 2517 uniuersis

400 2577 527 2623 scaenae
553 2559 702 2641 opinionis
728 2560 897 2642 opprobriis
924 2579 1104 2625 careremus.
1128 2563 1282 2637 ceterum,
1299 2559 1381 2623 sicut
1395 2559 1432 2620 tu
1446 2556 1524 2618 soles

401 2661 517 2738 dicere,
541 2681 612 2726 cum
637 2661 799 2726 edacitatis
826 2663 981 2746 argueris,
1004 2662 1088 2727 Galli
1113 2681 1235 2727 sumus:
1256 2663 1304 2727 ita
1328 2679 1383 2726 nos
1408 2660 1441 2723 in
1466 2659 1524 2724 hac

400 2766 488 2846 parte
502 2783 672 2845 numquam
697 2784 751 2829 nec
776 2765 905 2830 Martini
931 2767 1069 2849 exemplo
1094 2767 1146 2831 uel
1170 2767 1234 2830 tuis
1259 2763 1524 2849 disputationibus

367 2882 393 2925 ao
402 2867 596 2949 corrigamur.
621 2870 835 2933 uerumtamen
848 2869 924 2934 haec
937 2869 1027 2934 nobis
1041 2870 1105 2934 iam
1120 2871 1237 2934 dudum
1252 2868 1431 2952 agentibus,
1447 2867 1557 2949 quida

400 2971 517 3034 tutam
532 2970 699 3049 obstinate,
722 2970 855 3053 Sulpici,
879 2975 984 3037 taces?
998 2973 1064 3056 Ego
1079 2990 1167 3050 uero,
1189 2973 1331 3054 inquam,
1347 2991 1408 3037 non
1422 2971 1523 3034 solum

399 3073 489 3137 modo
512 3075 613 3151 taceo,
635 3074 688 3137 sed
714 3075 788 3139 olim
809 3076 846 3139 de
866 3075 936 3140 istis
958 3076 1060 3140 tacere
1080 3075 1225 3158 disposui.
1248 3095 1322 3140 nam
1337 3076 1410 3157 quia
1425 3093 1523 3156 quan-

398 3176 472 3240 dam
487 3176 614 3240 uiduam
629 3196 758 3260 uagam,
780 3177 963 3257 nitidulam,
993 3180 1205 3261 sumptuosam
1226 3177 1455 3260 obiurgauerim
1476 3177 1523 3241 la·

400 3278 514 3343 sciuius
529 3279 741 3357 uictitantem‚
757 3280 926 3362 itidemque
941 3281 1095 3363 uirginem
1106 3280 1295 3344 adulescenti
1307 3278 1430 3342 cuidam
1442 3279 1520 3342 mihi

452 3500 467 3554 1
486 3501 545 3553 uita
557 3501 738 3571 ABFMQV:
756 3504 816 3557 uita
828 3519 875 3556 sna
893 3521 909 3557 o
973 3506 991 3561 2
1010 3505 1059 3559 snb
1072 3505 1129 3557 niro
1141 3504 1234 3557 uirens
1246 3518 1294 3555 om.
1313 3501 1339 3555 V
1405 3501 1423 3556 3
1441 3500 1521 3553 mini·

399 3586 498 3639 strauit
514 3587 603 3642 edenti
619 3590 653 3643 V:
672 3590 845 3644 ministrauit.
864 3591 937 3644 Haec
955 3590 1045 3644 edenti
1066 3591 1169 3659 (edente
1182 3588 1219 3657 A)
1239 3587 1325 3656 aad,
1344 3587 1520 3640 ministrauit.

398 3669 462 3724 haec
480 3672 568 3726 edenti
585 3674 694 3728 adstitit
711 3693 727 3729 o
786 3676 806 3732 4
824 3692 889 3730 ausa
904 3677 939 3731 V:
959 3693 1023 3730 ausa
1035 3679 1076 3730 est
1087 3676 1159 3730 AFc
1175 3678 1187 3743 ΙΙ
1203 3674 1360 3744 participari
1372 3673 1493 3727 conuiuio
1505 3690 1521 3726 o

449 3758 467 3816 5
479 3775 527 3812 neo
539 3759 652 3829 imperet
663 3762 693 3815 F
712 3763 724 3831 11
747 3764 774 3815 ot
786 3778 834 3816 ora.
848 3764 878 3817 F
886 3763 918 3818 ia
930 3779 1032 3817 rasura
1078 3762 1096 3818 6
1114 3762 1162 3815 deo
1175 3762 1202 3816 V
1255 3761 1272 3818 7
1292 3760 1394 3813 adscita
1403 3791 1436 3796 —
1445 3775 1520 3826 prac-

397 3842 455 3896 lata
475 3848 516 3898 est
536 3861 585 3899 cm.
611 3847 638 3901 V
691 3848 833 3904 8audiuit
853 3848 880 3900 A
945 3848 984 3904 10
1000 3851 1091 3902 teneat
1115 3849 1151 3902 V:
1169 3850 1260 3901 teneat
1280 3846 1429 3915 exemplum
1450 3845 1520 3898 AFo

449 3931 486 3987 13
504 3933 532 3984 et
560 3934 742 4000 postumianus
764 3936 873 4004 (minio)
893 3935 1029 4004 praeclare
1058 3935 1168 4003 inquam
1195 3934 1222 3987 V
1250 3936 1262 4003 ll
1295 3934 1399 3986 nostros
1420 3947 1468 3985 om.
1497 3931 1522 3984 V

451 4017 489 4072 14
505 4019 678 4087 egredeantur
695 4020 721 4074 V
765 4021 801 4077 16
813 4021 1154 4090 numquam-diceremus
1167 4023 1194 4073 et
1206 4037 1254 4074 oct.
1272 4021 1334 4074 Vct
1346 4019 1403 4073 cod.
1413 4017 1520 4071 Trade·

396 4103 490 4156 censis
510 4103 669 4173 (Gtsetiat),
696 4106 728 4159 ia
744 4107 800 4160 ctio
825 4107 881 4161 Gis.
903 4109 974 4161 libro
995 4107 1088 4161 eadem
1107 4123 1187 4160 erasa
1207 4112 1274 4160 scat
1294 4108 1305 4174 ΙΙ
1329 4104 1462 4158 uniuersis
1480 4104 1514 4165 F,

395 4188 442 4241 sed
454 4188 478 4240 is
489 4190 521 4243 ia
532 4190 631 4255 litare,
650 4192 774 4244 uniuersa
786 4192 813 4244 A
866 4193 903 4248 17
922 4208 1014 4246 sceuae
1026 4194 1065 4257 F,
1083 4193 1131 4247 sed
1144 4209 1157 4246 c
1170 4209 1253 4246 erasa
1275 4194 1287 4259 ΙΙ
1311 4191 1470 4261 opinionisss
1484 4191 1517 4251 F,

396 4274 527 4341 opinionis
548 4279 576 4329 et
596 4276 623 4328 A
645 4279 657 4344 ΙΙ
679 4276 826 4346 obprobriis
837 4278 865 4332 A
888 4280 900 4346 ΙΙ
923 4281 1038 4332 ceterum
1053 4278 1089 4334 V:
1108 4295 1199 4332 nerum
1217 4278 1290 4331 AFo
1365 4277 1400 4333 19
1419 4292 1467 4329 nec
1483 4276 1523 4327 V:

396 4361 441 4412 uel
451 4361 522 4416 AFo
574 4363 613 4418 20
630 4364 790 4432 corrigamur
805 4363 840 4418 V:
858 4364 1008 4433 corrigendi
1019 4365 1064 4433 (-
1074 4363 1120 4417 dos
1138 4365 1219 4430 corr.)
1232 4364 1347 4417 fatemur
1359 4363 1415 4427 Fo,
1435 4362 1517 4414 corri-

396 4446 483 4514 gendi.
506 4448 620 4502 fatemur
640 4450 779 4503 teuthones
801 4466 889 4503 sumus
911 4451 938 4502 A
1007 4450 1044 4506 21
1063 4450 1169 4518 sulpicii
1194 4450 1234 4517 V;
1253 4449 1518 4503 additamrainioia

397 4531 488 4586 eodem
507 4534 580 4604 (post
598 4537 682 4605 taces)
708 4553 813 4590 seuerus
834 4536 962 4604 sulpicius
985 4539 997 4604 11
1020 4553 1068 4605 ego
1080 4553 1142 4590 uero
1158 4538 1193 4590 V:
1215 4552 1297 4604 egone
1309 4533 1430 4602 ABFQ,
1444 4549 1519 4601 egeo

407 4620 419 4685 ll
443 4621 591 4688 inquamB
614 4629 639 4676 et
651 4640 718 4677 corr.
732 4625 771 4676 F:
784 4639 832 4676 occ
851 4622 885 4685 V,
898 4622 988 4692 inquit
999 4622 1053 4692 AQ
1105 4623 1143 4678 22
1161 4622 1232 4675 disui
1248 4622 1274 4675 V
1327 4619 1366 4675 24
1384 4619 1518 4672 uiuentem

396 4708 503 4762 2codd.
523 4709 603 4764 (ἤθει,
629 4712 640 4778 ΙΙ
663 4711 731 4764 mihi
742 4726 802 4764 caro
814 4726 862 4764 om.
880 4708 907 4763 V
