3834 5634
919 718 1098 789 Appendix.

814 922 980 990 Domini
1002 932 1043 992 ut
1064 947 1195 1009 supra.

486 1081 629 1149 Quomodo
644 1081 741 1155 itaque
756 1084 785 1141 et
800 1083 913 1142 diuinae
928 1084 1006 1158 leges
1021 1088 1050 1144 et
1065 1086 1195 1159 publicae
1205 1086 1288 1144 fidele
1304 1100 1405 1157 eorpus
1420 1083 1449 1140 et
1463 1079 1571 1139 sancti-

443 1180 541 1240 ficatos
556 1183 665 1243 animos
679 1201 735 1243 non
750 1185 922 1258 permittunt
937 1186 1102 1247 inhonestus
1117 1189 1247 1248 exhibere
1262 1187 1379 1246 delicias
1393 1187 1422 1243 et
1436 1183 1571 1256 uulgares

443 1284 525 1342 edere
544 1286 721 1360 uoluptates,
744 1288 865 1347 maxime
887 1306 951 1348 cum
972 1293 1066 1350 castae
1081 1291 1240 1351 deuotionis
1254 1288 1457 1364 quodammodo
1471 1286 1570 1344 uidea-

444 1388 492 1445 tur
506 1389 626 1461 miuria,
651 1390 674 1448 si
696 1390 761 1464 quis
782 1408 860 1450 sacro
875 1392 1049 1466 baptismate
1063 1395 1217 1453 renouatus
1231 1393 1262 1451 in
1282 1395 1407 1451 ueterem
1421 1389 1593 1448 lasciuiamu

444 1495 611 1564 reuocetur,
635 1495 745 1566 oportet
768 1494 998 1554 laudabilitatem
1019 1500 1145 1555 uestram
1172 1496 1254 1555 bonis
1287 1494 1383 1553 fauere
1406 1491 1570 1567 propositis,

443 1595 477 1651 ut
491 1593 531 1667 is,
555 1595 604 1669 qui
618 1596 752 1655 beneficio
767 1595 819 1655 Dei
834 1597 913 1671 pium
927 1616 1032 1657 munus
1047 1599 1180 1672 indeptus
1195 1602 1254 1671 est,
1270 1598 1301 1656 in
1316 1596 1428 1656 foueam
1442 1597 1571 1654 theatra·

445 1697 502 1755 lem
517 1698 615 1757 eadere
630 1716 686 1758 non
701 1703 827 1773 cogatur.
852 1703 981 1760 uestrum
996 1703 1093 1760 tamen
1108 1701 1234 1760 omnium
1249 1700 1386 1759 iudicium
1408 1716 1464 1758 non
1489 1714 1570 1756 rocu-

446 1801 504 1871 sat,
528 1800 553 1858 si
579 1802 652 1860 alias
678 1802 837 1876 iniungatis
866 1819 1005 1877 congruas
1026 1821 1076 1877 pro
1098 1803 1267 1863 necessitato
1282 1802 1439 1862 communis
1460 1800 1571 1874 patriae

443 1899 614 1962 functiones.
1581 1913 1606 1952 1⁰

829 2574 891 2657 VI.
918 2573 977 2656 ld
1003 2573 1191 2658 Saluium.

492 2986 518 3041 1.
541 2942 684 3041 Forensis
701 2979 787 3038 elatio
802 2967 858 3038 fori
873 2979 955 3037 debet
971 2979 1171 3038 exercitatione
1186 2978 1311 3051 feruere3
1340 2980 1473 3039 conuenit
1499 2981 1575 3040 enim

445 3084 561 3143 lacertis
575 3083 733 3141 industriae
749 3082 850 3141 cotidie
863 3081 1053 3156 depugnantis
1065 3084 1159 3141 motus
1173 3081 1277 3140 habere
1291 3082 1450 3142 terribiles:
1467 3086 1498 3142 at
1512 3101 1577 3143 eum

444 3204 547 3246 sonora
568 3186 702 3245 fecundia
723 3184 849 3258 receptui
873 3184 976 3243 cecinit
999 3187 1028 3242 et
1052 3185 1082 3243 in
1103 3185 1194 3243 otiosa
1214 3201 1329 3243 nemora
1349 3187 1441 3260 adque
1457 3204 1576 3247 amoena

446 3288 603 3349 diuersoria
618 3288 800 3364 semigrauit,
816 3287 948 3346 fremitus
964 3287 1065 3347 inertis
1080 3290 1191 3361 oportet
1207 3289 1312 3348 abiciat
1327 3291 1356 3348 et
1371 3290 1484 3348 desinat
1499 3289 1611 3356 ines-15

446 3393 543 3453 ficacia
558 3392 697 3451 minitari.
722 3391 826 3450 scimus
841 3391 945 3449 etenim
961 3391 1132 3465 palmigeros
1147 3391 1259 3465 biiuges
1279 3391 1329 3450 ubi
1352 3409 1367 3451 e
1389 3392 1462 3451 circo
1483 3410 1576 3453 reces-

446 3497 550 3568 serint,
574 3495 751 3570 quietissime
767 3494 923 3553 stabulari:
947 3493 1014 3553 illos
1028 3512 1085 3553 non
1105 3494 1180 3568 iugis
1196 3493 1330 3566 formido,
1353 3512 1410 3553 non
1425 3496 1576 3570 ambiguae

446 3600 558 3673 palmae
576 3599 749 3670 sollicitant,
773 3598 821 3656 sed
843 3598 955 3655 demum
976 3597 1087 3670 pacatis
1102 3596 1188 3655 adfixi
1203 3597 1386 3670 praesepibus
1400 3597 1501 3658 timere
1516 3599 1575 3657 iam

446 3702 577 3760 nesciunt
597 3703 785 3772 hortatorem,
810 3700 960 3759 seditiosae
981 3699 1170 3759 contentionis
1190 3699 1284 3758 dulcia
1307 3701 1442 3760 ducentes
1457 3701 1575 3760 obliuia.

448 3805 540 3862 sedet
556 3803 706 3877 stipendiis
721 3802 923 3862 consummatis
938 3804 1055 3875 tropaea
1071 3803 1240 3875 suspendere
1263 3802 1343 3861 iuuet
1362 3803 1485 3862 militem
1511 3804 1575 3878 glo·
1586 3821 1612 3861 ao

446 3906 553 3965 riosum
569 3909 597 3964 et
612 3906 755 3979 patienter
769 3922 866 3980 gerere
881 3908 1064 3964 senectutem.

490 4011 518 4066 2.
542 4008 584 4066 Ao
599 4008 655 4066 tibi
670 4027 719 4067 cur
736 4009 812 4068 cordi
831 4009 869 4067 sit
884 4008 1040 4067 terrificare
1055 4007 1173 4067 miseros
1188 4009 1331 4080 aratoreS,
1354 4026 1410 4067 non
1425 4009 1512 4081 plane
1530 4010 1576 4068 in·

443 4112 561 4185 tellego‚
578 4114 607 4169 et
621 4111 759 4171 ruricolas
773 4128 850 4170 meos
866 4128 915 4169 cur
930 4111 1003 4170 uelis
1018 4110 1201 4169 exhibitionis
1215 4126 1316 4183 urgere
1332 4109 1496 4184 formidine,
1519 4129 1577 4171 non

446 4232 582 4289 agnosco:
607 4215 689 4289 quasi
704 4232 770 4274 nero
786 4214 852 4273 illos
866 4214 991 4272 nesciam
1007 4213 1147 4272 consolari
1170 4215 1199 4272 et
1221 4230 1238 4271 a
1258 4229 1362 4285 pauore
1386 4216 1531 4274 retrahere
1547 4218 1577 4274 et

462 4418 464 4422 ἱ
499 4431 665 4488 2fidilaeP
716 4430 855 4498 7hisqui
868 4431 896 4485 P
957 4431 995 4487 14
1012 4430 1137 4485 rectuiP
1201 4429 1238 4488 15
1255 4428 1577 4500 diuersoriasemigrauit

447 4519 487 4582 P,
506 4518 530 4572 d.
548 4518 707 4588 remigrauit
723 4517 845 4572 Clericus
877 4519 889 4586 ΙΙ
920 4517 1030 4570 insertis
1048 4517 1090 4581 P,
1109 4516 1210 4570 inertes
1222 4514 1282 4568 cdd.
1355 4515 1578 4572 resecanur

500 4603 540 4660 20
557 4604 632 4658 iubet
644 4605 683 4671 P,
702 4604 779 4657 iuuat
794 4603 853 4656 edd.
929 4603 968 4658 22
987 4619 1017 4656 ec
1029 4601 1082 4657 tibi
1094 4604 1139 4655 tur
1151 4601 1207 4670 (uel
1219 4600 1275 4669 cur)
1298 4599 1338 4665 P,
1356 4603 1394 4656 At
1415 4600 1468 4656 tibi
1488 4600 1577 4671 igitur

447 4688 605 4761 d'Acherp,
624 4691 667 4744 An
677 4689 731 4744 tibi
743 4689 779 4758 ig.
793 4689 845 4743 ulli
