3834 5634
720 736 885 804 Dialogus
902 735 916 788 I
934 736 980 804 (II,
1001 738 1092 806 1—2.)
1410 739 1469 803 181

345 892 460 973 pudore
475 892 541 955 uidi
557 891 683 956 sublimi
699 892 774 956 solio
791 894 821 957 61
837 891 923 973 quasi
938 893 1023 975 regio
1038 893 1187 957 tribunali
1203 894 1284 957 celsa
1304 894 1375 958 sede
1395 893 1473 957 resi·¹

346 994 484 1072 dentem,
508 995 663 1058 sedentem
679 1013 750 1058 uere
771 995 940 1059 Martinam
962 995 995 1058 in
1021 996 1130 1060 sellula
1156 997 1326 1074 rusticana,
1349 998 1503 1061 6166614

346 1098 426 1162 istae
441 1098 473 1161 in
489 1097 596 1162 usibus
611 1097 819 1175 seruulorum,
842 1116 918 1178 quas
933 1116 988 1162 nos
1003 1099 1111 1164 rustici
1126 1098 1210 1164 Galli
1225 1100 1400 1182 tripeocias,
1417 1117 1472 1164 666

348 1200 523 1265 scholastici
549 1202 603 1264 aut
629 1202 710 1265 certe
733 1201 783 1278 tu,
807 1201 860 1281 qui
882 1201 919 1264 de
934 1199 1180 1280 Graecianenis,
1203 1203 1340 1284 tripodas
1354 1222 1472 1267 nuncu·

323 1304 498 1385 epatis-—:
521 1303 578 1367 hoc
592 1305 742 1367 secretum
766 1303 849 1367 beati
870 1305 931 1367 uiri
951 1323 1067 1386 pauper
1094 1305 1148 1368 ille
1173 1305 1329 1386 captatus,
1353 1305 1472 1369 cumei

348 1405 578 1470 archidiaconus
594 1407 665 1470 dare
679 1406 817 1470 tunicam
832 1406 1024 1485 distulisset,
1047 1407 1178 1488 inrupit,
1194 1407 1426 1472 dissimulatum
1441 1426 1473 1472 se

349 1527 368 1572 a
387 1509 497 1573 clerico
518 1527 661 1589 querens,
685 1509 787 1591 algere
802 1509 972 1590 deplorans.
996 1528 1051 1574 nec
1070 1527 1175 1587 mora,
1198 1512 1322 1575 sanctus
1342 1517 1503 1592 66666666

347 1628 408 1675 666
422 1611 547 1676 uidente
561 1611 644 1676 intra
659 1611 870 1694 amphibalum
893 1613 953 1676 sibi
979 1613 1117 1677 tunicam
1131 1614 1263 1677 latenter
1278 1614 1383 1678 eduxit
1397 1633 1474 1695 pau·

348 1733 512 1796 peremque
538 1715 712 1779 contectum
737 1715 891 1779 discedere
916 1715 1010 1779 iubet.
1035 1714 1118 1779 dein
1125 1716 1217 1798 paulo
1237 1717 1307 1799 pest
1321 1716 1475 1781 archidia-

313 1834 441 1882 rotenus
467 1818 622 1900 ingressus
644 1817 787 1881 admonet
801 1835 855 1898 pro
871 1817 1098 1894 consuetudine,
1115 1820 1287 1900 exspectare
1302 1819 1334 1882 in
1349 1818 1475 1882 ecclesia

349 1920 512 2002 populum,
536 1920 626 1984 illum
653 1919 692 1983 ad
717 1919 833 2002 agenda
849 1919 1009 1984 sollemnia
1035 1920 1143 1984 debere
1158 1921 1326 2001 procedere.
1351 1921 1400 1985 cni
1421 1920 1504 1984 11166

349 2022 532 2103 respondens
544 2022 604 2099 ait,
620 2040 784 2103 pauperem
794 2022 879 2103 prius
891 2059 931 2067 -
944 2022 982 2086 de
994 2041 1026 2086 se
1038 2024 1142 2087 antem
1151 2023 1273 2088 dicebat
1284 2060 1325 2068 -
1338 2023 1481 2104 oportere

350 2125 474 2191 uestiri:
498 2143 530 2188 se
545 2124 583 2188 ad
599 2125 759 2189 eeclesiam
773 2142 834 2188 nen
847 2142 934 2206 posse
955 2126 1131 2207 precedere,
1153 2125 1214 2189 6161
1229 2126 1346 2190 uestem
1360 2144 1476 2207 pauper

350 2228 509 2310 acciperet.
533 2226 678 2292 diaconus
692 2244 765 2290 uero
779 2227 858 2291 nihil
872 2228 1070 2310 intellegens,
1093 2228 1166 2307 quia
1184 2228 1370 2291 extrinsecus
1384 2227 1504 2291 indu-7

316 2355 341 2394 15
351 2332 420 2395 tum
446 2328 636 2411 amphibalo,
660 2330 746 2392 ueste
770 2330 888 2394 nudum
913 2330 1043 2393 interius
1068 2348 1128 2394 non
1153 2329 1294 2406 uidebat,
1322 2331 1476 2410 postremo

351 2452 518 2515 pauperem
544 2451 604 2497 non
630 2427 789 2513 conparere
815 2433 967 2496 causatur.
1003 2432 1096 2509 mibi,
1125 2432 1241 2512 inquit,
1265 2432 1374 2508 uestis,
1398 2449 1477 2512 quae

351 2537 459 2617 parata
473 2537 535 2613 est,
559 2534 728 2599 deferatur:
743 2553 859 2615 pauper
872 2551 932 2599 non
947 2535 1045 2599 deerit
1060 2534 1244 2599 uestiendus.
1267 2535 1336 2597 tum
1351 2534 1505 2602 demum8

353 2639 480 2704 clericus
506 2637 686 2703 necessitate
712 2636 889 2719 conpulsnS,
912 2638 976 2700 iam
1002 2636 1074 2701 felle
1100 2638 1264 2713 commoto,
1288 2655 1304 2700 6
1329 2636 1477 2719 proximis

354 2742 489 2806 tabernis
504 2741 687 2823 bigerricam
709 2741 842 2817 uestem,
872 2740 999 2804 breuem
1025 2741 1124 2821 adque
1149 2739 1320 2821 hispidam,
1344 2739 1478 2820 quinque

318 2845 550 2925 :recuperatam
565 2842 718 2925 argenteis
732 2843 815 2925 rapit
838 2843 935 2923 adque
956 2844 1027 2907 ante
1042 2843 1169 2908 Martini
1189 2843 1281 2925 pedes
1307 2843 1405 2907 iratus
1426 2862 1478 2907 er·

353 2946 448 3028 ponit.
483 2965 534 3024 en,
557 2945 672 3026 inquit,
695 2946 829 3023 uestem,
853 2946 906 3009 sed
930 2965 1047 3028 pauper
1072 2945 1123 3009 hic
1147 2963 1207 3009 non
1232 2947 1287 3010 661.
1321 2945 1375 3009 ille
1399 2945 1506 3009 nihile

354 3051 459 3115 motus
483 3049 570 3114 iubet
595 3067 665 3113 eum
691 3047 852 3129 paululum
877 3051 960 3112 stare
981 3048 1183 3130 proforibus,
1206 3048 1479 3129 secretumutique

354 3168 536 3243 procurans,
558 3152 633 3215 dum
648 3150 707 3214 sibi
731 3152 850 3215 uestem
869 3151 970 3215 nudus
990 3151 1164 3233 inponeret,
1187 3151 1262 3214 totis
1278 3151 1398 3215 uiribus
1415 3151 1478 3215 ela-

353 3254 465 3321 borans
478 3239 515 3319 ut
529 3255 632 3336 posset
647 3253 802 3318 occultum
816 3272 881 3318 6666
894 3254 974 3334 quod
985 3252 1107 3318 fecerat.
1125 3253 1177 3316 sed
1189 3254 1308 3333 quande
1319 3255 1352 3318 in
1363 3253 1478 3318 sanctis

318 3356 430 3421 661616
454 3355 555 3423 161661
574 3356 635 3420 ista
656 3355 893 3436 quaerentibus?
915 3355 1014 3420 uelint
1038 3356 1138 3419 nolint
1163 3357 1273 3420 cuncta
1297 3356 1476 3438 produntur.

354 3479 426 3524 cum
456 3459 515 3524 hac
539 3459 637 3542 igitur
663 3458 822 3522 oblaturus
849 3458 1034 3522 sacrificium
1059 3459 1123 3523 Deo
1148 3459 1234 3522 ueste
1248 3458 1395 3540 procedit.
1418 3465 1507 3539 6661

355 3562 481 3643 quidem
496 3561 545 3624 die
561 3598 601 3605 -
616 3560 696 3624 mira
722 3560 861 3625 dicturus
887 3579 956 3624 sum
972 3580 1100 3624 —cum
1125 3559 1189 3624 iam
1212 3559 1374 3636 altarium,
1398 3559 1479 3625 sicut

355 3666 402 3728 est
417 3665 577 3741 sollemne,
594 3663 801 3740 benediceret,
817 3663 944 3746 glebam
966 3662 1048 3746 ignis
1072 3663 1109 3726 de
1133 3662 1330 3745 capiteillius
1342 3662 1479 3726 uidimus

406 3850 421 3904 1
442 3851 469 3902 61
481 3850 580 3903 BMV:
599 3865 647 3903 ora.
661 3850 734 3903 AFo
787 3849 805 3904 2
824 3848 958 3902 sedentem
970 3864 1033 3901 uero
1044 3848 1190 3901 martinum
1212 3851 1247 3903 V:
1267 3848 1376 3902 sedebat
1389 3851 1479 3902 autem

352 3935 485 3988 martinus
506 3935 578 3990 AFo
600 3937 612 4002 ll
635 3938 666 3988 ut
687 3937 749 3988 sunt
768 3935 838 3988 istae
859 3934 924 4002 (ista
949 3935 985 4003 V)
1006 3934 1106 3988 BMV:
1129 3937 1160 3987 61
1182 3936 1244 3987 sunt
1264 3934 1303 3998 A,
1322 3937 1353 3988 61
1374 3937 1416 3987 661
1435 3935 1480 3990 Fo

405 4020 423 4076 3
441 4021 583 4089 tripeccias
597 4020 631 4073 V:
644 4020 771 4088 tripecias
780 4021 819 4084 F,
832 4020 958 4088 tripetias
971 4018 1014 4073 Ao
1066 4020 1085 4075 4
1098 4020 1231 4073 scolastici
1243 4021 1301 4074 AF
1349 4024 1367 4079 5
1380 4021 1429 4074 hoo
1442 4021 1479 4075 V:

353 4106 476 4175 ergo'hoc
488 4107 557 4174 AF,
575 4107 624 4160 hoc
636 4122 726 4174 ergoo
749 4108 760 4174 ΙΙ
784 4108 907 4174 captatus
920 4106 983 4160 ΒΜ
986 4106 1012 4158 V
1021 4105 1048 4172 (1.
1063 4121 1082 4158 6.
1097 4105 1242 4175 deceptuslt
1262 4108 1398 4175 captatum
1408 4106 1483 4161 AFo

406 4193 422 4248 7
442 4208 569 4260 quaerens
595 4193 632 4260 V,
651 4207 810 4260 conquerens
832 4192 895 4244 ΒΜ
962 4190 980 4247 8
999 4190 1152 4244 amfibalum
1164 4192 1230 4256 FV,
1250 4192 1441 4261 amphimalum
1453 4193 1481 4246 B

364 4279 375 4344 ll
396 4278 485 4331 educit
497 4279 561 4333 ΒΜ
610 4278 647 4335 15
666 4277 787 4331 amfibalc
804 4278 831 4332 V
882 4278 917 4333 17
936 4280 1033 4346 parata
1044 4277 1110 4331 BV:
1128 4281 1286 4347 praeparata
1299 4279 1370 4332 AFo
1389 4279 1401 4346 ll
1420 4279 1481 4330 tum

358 4362 392 4416 V:
412 4366 471 4417 arta
483 4367 542 4416 tum
563 4365 603 4432 B,
623 4366 727 4417 artatus
749 4364 816 4427 AF,
837 4364 984 4417 arctatuso
1055 4361 1091 4419 18
1110 4379 1140 4416 66
1152 4364 1312 4417 necessitate
1324 4364 1432 4417 Fcorr.
1457 4363 1469 4430 ΙΙ

353 4451 409 4504 iam
425 4451 459 4505 V:
478 4451 583 4519 iamque
595 4451 668 4504 AFo
690 4452 703 4518 ll
726 4450 848 4503 eAFV:
868 4448 956 4502 aedd.
1030 4449 1066 4505 19
1084 4449 1244 4518 bigerricam
1261 4449 1361 4503 BMV:
1379 4447 1481 4517 bigori-

353 4553 425 4590 mam
437 4537 621 4606 (bigerrimam
634 4538 716 4604 corr.)
728 4537 769 4603 A,
782 4534 956 4603 nigerrimam
969 4534 1010 4602 F,
1028 4534 1076 4588 6661
1085 4536 1165 4602 prior
1177 4552 1195 4588 n
1207 4541 1233 4588 et
1244 4550 1271 4586 m
1283 4535 1315 4587 ia
1327 4551 1381 4588 666.
1394 4551 1429 4588 m.
1443 4536 1480 4602 2,-

353 4622 545 4692 bigerrigamc
562 4624 573 4691 ΙΙ
589 4623 696 4676 breuem
709 4619 811 4676 BMV:
828 4620 988 4688 brauemque
1005 4620 1077 4674 AFo
1128 4619 1354 4675 2266661661Ἰ
1403 4619 1483 4676 2361

356 4709 422 4762 16116
434 4710 462 4762 A
514 4710 553 4765 24
570 4709 656 4778 possit
668 4708 786 4762 AFMV
834 4706 873 4766 25
891 4705 966 4760 ista?
984 4705 1175 4775 quaerentibus
1187 4705 1221 4759 de
1233 4705 1322 4759 Proto
