3834 5634
447 739 514 804 236
919 738 1098 808 Appendir.

447 897 506 955 ista
520 900 588 955 sunt
601 897 729 969 Domini,
752 914 824 972 qnae
845 901 959 957 saneim
973 901 1003 957 et
1016 916 1082 958 uere
1097 898 1267 971 apostolicae
1292 897 1419 971 uirgines
1433 897 1478 955 die
1502 914 1570 956 noc·

447 1002 537 1073 tuque
562 1000 624 1059 sine
648 1001 708 1059 ullo
734 1002 868 1075 temporis
890 1003 1046 1061 interuallo
1079 1003 1253 1060 meditantur
1282 1002 1313 1060 et
1342 1000 1479 1074 cogitant.
1512 1001 1572 1059 Do-

446 1102 519 1160 mini
533 1106 582 1184 est⁸
594 1103 680 1162 etiam
695 1121 813 1179 regnum
828 1106 983 1177 caelorum,
1018 1105 1132 1164 Domini
1147 1108 1191 1164 est
1204 1103 1371 1163 resurrectio
1385 1106 1570 1176 mortuorum,

447 1205 561 1264 Domini
575 1208 619 1264 est
633 1207 839 1280 inmortalitas,
855 1209 969 1267 Domini
983 1211 1028 1267 est
1041 1208 1229 1280 incorruptio,
1251 1206 1365 1266 Domini
1379 1208 1424 1266 est
1438 1207 1571 1279 splendor

446 1309 516 1368 solis
531 1310 581 1384 qui
596 1310 702 1368 sanctis
716 1311 908 1384 promittitur,
931 1311 1005 1369 sicut
1019 1312 1050 1369 in
1065 1311 1221 1384 Euangelio
1241 1310 1378 1383 scriptum
1400 1311 1459 1369 est:
1482 1311 1571 1368 tunc
1591 1321 1603 1362 θ

446 1413 539 1471 iusti
562 1412 767 1487 fulgebunt
788 1414 892 1472 sicut
913 1415 974 1473 sol
997 1415 1033 1472 in
1054 1431 1168 1487 regno
1189 1413 1314 1471 Patris
1344 1429 1483 1471 eorum:
1512 1413 1570 1470 Do·

447 1516 517 1574 mini
531 1518 599 1574 sunt
613 1517 709 1590 plures
721 1517 860 1575 iustorum
873 1518 903 1575 in
915 1517 1085 1576 caelestibus
1095 1517 1264 1587 mansionen,
1280 1515 1393 1574 Domini
1404 1517 1448 1573 est
1460 1514 1572 1573 fructus

446 1618 607 1681 tricesimus
632 1621 661 1677 et
687 1620 878 1693 sexagesimus
903 1622 989 1693 atque
1014 1619 1192 1678 centesimus.
1216 1620 1285 1676 haec
1305 1634 1377 1691 quae
1391 1617 1520 1690 cogitant
1542 1619 1572 1675 et

444 1721 549 1796 quibus
563 1722 674 1795 possint
689 1739 722 1781 ea
736 1723 868 1795 operibus
882 1723 1043 1795 promereri,
1059 1739 1131 1795 quae
1142 1721 1256 1780 Domini
1271 1721 1338 1778 sunt
1354 1720 1491 1793 cogitant.
1513 1719 1571 1777 Do·

443 1824 516 1882 mini
530 1826 575 1882 est
589 1825 675 1882 etiam
690 1824 736 1883 lex
750 1826 817 1884 noui
832 1827 861 1882 et
881 1825 988 1883 ueteris
1007 1824 1187 1895 testamenti,
1210 1824 1240 1882 iu
1266 1841 1322 1897 qua
1347 1823 1405 1882 oris
1429 1823 1491 1881 eius
1511 1823 1571 1881 elo·
1581 1835 1606 1874 10

443 1928 514 2000 quia
528 1929 628 1985 sancta
642 1926 802 2000 refulgent:
826 1945 898 2000 quae
913 1928 938 1984 si
953 1944 1026 2000 quae
1040 1926 1168 2000 uirgines
1182 1926 1243 1984 sine
1258 1925 1466 1984 intermissione
1480 1925 1571 1983 medi-

444 2031 553 2102 tantur,
581 2046 654 2103 quae
668 2029 782 2088 Domini
797 2033 864 2088 sunt
879 2030 1015 2103 cogitant,
1042 2030 1071 2087 et
1086 2029 1221 2101 impletur
1235 2029 1266 2086 in
1281 2029 1323 2086 eis
1337 2028 1410 2086 illud
1425 2028 1572 2101 propheti-

444 2148 525 2190 cum:
542 2131 781 2191 fundamento
795 2134 947 2191 aeterna
962 2149 1072 2204 super
1086 2131 1401 2212 petram-‘solidam
1422 2132 1457 2189 et
1476 2148 1572 2190 man·

443 2236 529 2293 doto
549 2235 615 2293 Dei
636 2235 673 2292 in
695 2236 803 2294 corde
825 2236 996 2294 mulieris
1018 2237 1176 2294 sanctae.

414 2353 433 2406 9
487 2338 634 2411 Sequitur,
657 2325 842 2411 ‘quomodo
863 2339 1011 2411 placeat
1032 2324 1126 2410 Deo',
1150 2339 1225 2410 Deo,
1247 2338 1379 2411 inquam,
1407 2339 1604 2398 nouhomi·1e

443 2440 536 2512 nibus,
558 2428 610 2498 ‘ut
631 2441 684 2498 sit
706 2442 839 2499 sancta
861 2443 895 2499 et
917 2457 1069 2513 corpore
1091 2442 1126 2499 et
1148 2425 1316 2513 spiritu'.
1346 2458 1402 2500 non
1425 2442 1515 2513 dixit,
1538 2442 1572 2499 nt

444 2543 482 2600 sit
498 2544 597 2601 sancta
611 2544 735 2602 membro
750 2545 801 2601 aut
816 2560 930 2616 corpore
946 2545 1075 2615 tantum,
1099 2545 1148 2601 sed
1174 2546 1207 2600 ut
1231 2543 1270 2601 sit
1285 2547 1385 2602 sancta
1406 2560 1521 2617 corpore
1542 2545 1572 2603 et

443 2645 556 2718 spiritu.
580 2646 736 2704 membrum
762 2646 838 2704 enim
864 2663 921 2704 una
948 2646 1073 2719 corporis
1086 2663 1153 2718 pars
1168 2647 1226 2717 est,
1249 2663 1350 2719 corpus
1364 2664 1431 2706 uero
1446 2649 1571 2707 omnium

441 2765 566 2822 conpago
592 2749 780 2806 membrorum
795 2750 847 2808 est.
882 2766 946 2806 cum
961 2765 1027 2822 ergo
1042 2749 1112 2807 dicit
1126 2750 1159 2806 ut
1173 2748 1212 2806 sit
1227 2750 1326 2807 sancta
1346 2766 1476 2822 corpore,
1511 2768 1571 2809 orn-

442 2851 527 2909 nibus
553 2851 686 2909 membris
711 2867 773 2909 eam
801 2851 973 2909 sanctificari
998 2852 1098 2910 debere
1119 2853 1257 2923 testatur,
1280 2852 1423 2924 quianon
1446 2855 1604 2925 proderitro

442 2954 597 3011 ceterorum
623 2953 812 3012 sanctificatio
833 2954 1036 3026 membrorum,
1060 2955 1085 3012 si
1099 2954 1262 3012 inueniatur
1276 2955 1324 3013 uel
1338 2955 1368 3012 in
1383 2973 1439 3014 uno
1454 2973 1570 3030 corrup·

441 3054 492 3113 tio.
509 3055 595 3113 etiem
609 3073 666 3113 non
681 3055 736 3113 erit
752 3058 851 3113 sancta
867 3073 990 3130 corpore,
1015 3058 1089 3130 quod
1104 3074 1138 3114 er
1152 3058 1283 3115 omnibus
1298 3059 1410 3117 constat
1424 3060 1568 3131 membris,

545 3238 563 3296 5
581 3237 680 3292 Matth.
701 3237 746 3303 13,
764 3237 811 3294 43.
866 3238 903 3295 13
921 3239 991 3292 Eoel.
1011 3237 1057 3303 26,
1076 3238 1115 3294 24
1170 3238 1206 3297 15
1224 3239 1239 3292 Ι
1257 3238 1314 3294 Cor.
1334 3239 1361 3305 7,
1381 3240 1427 3297 34.

495 3410 593 3464 lsunt
611 3408 643 3462 D.
665 3424 732 3477 quae
744 3423 792 3462 om.
811 3409 838 3461 A
866 3409 879 3476 11
908 3410 936 3461 et
956 3425 1017 3461 uere
1034 3425 1097 3463 noa:
1116 3425 1178 3463 nere
1194 3410 1227 3474 0,
1247 3412 1377 3464 etreuere
1390 3410 1429 3475 R,
1448 3413 1567 3465 etuerae

439 3494 540 3548 etHV
589 3494 682 3550 Deine
705 3511 730 3548 u.
752 3496 772 3547 t.
797 3494 944 3548 interuallo
960 3494 1028 3548 AB:
1046 3511 1095 3548 om.
1114 3495 1165 3550 OV
1185 3497 1197 3563 ΙΙ
1220 3496 1272 3549 Dei
1284 3498 1326 3549 est
1337 3497 1419 3549 etiam
1436 3495 1471 3564 (J,
1484 3497 1568 3550 etiam

439 3597 488 3635 ern.
507 3580 549 3649 R;
577 3580 685 3634 Domini
701 3611 735 3619 -
752 3580 873 3633 mulieris
897 3581 1004 3634 sanctae
1028 3582 1066 3647 (o.
1080 3582 1127 3646 14)
1145 3596 1193 3634 om.
1212 3581 1240 3634 A
1315 3581 1336 3637 4
1353 3582 1385 3635 D.
1407 3584 1449 3634 est
1468 3582 1567 3636 inmor-

439 3666 547 3731 talitas,
575 3666 606 3720 D.
629 3669 671 3720 est
687 3666 853 3734 incorruptio
864 3667 976 3733 scripsi:
995 3665 1095 3719 domini
1114 3668 1155 3719 est
1178 3666 1386 3720 inmortalitatis
1403 3668 1566 3737 incorruptio

438 3751 523 3816 RVb,
542 3751 642 3805 domini
654 3754 696 3805 est
708 3751 859 3805 inmortalis
871 3751 1033 3820 incorruptio
1049 3751 1072 3806 Ο
1093 3757 1119 3805 et
1143 3752 1182 3804 ed.
1209 3753 1278 3806 Vall.
1296 3752 1417 3821 (Domini
1429 3753 1566 3807 immorta-

438 3837 517 3901 litas3
536 3837 699 3906 incorruptio
710 3837 819 3890 Domini
830 3839 884 3901 est;
903 3837 1026 3905 splendor
1038 3842 1085 3890 etc.
1099 3837 1142 3905 Η)
1212 3838 1231 3896 5
1250 3838 1457 3907 sieut-patris
1474 3855 1566 3894 eorum

437 3939 487 3977 om.
507 3921 555 3978 GR
623 3923 789 3978 7iustorum
804 3923 872 3977 RV:
891 3923 990 3977 iterum
1006 3921 1038 3986 0,
1065 3924 1265 3977 sanctoran
1329 3925 1525 3981 8centesimus
1538 3928 1566 3978 ot

438 4025 526 4077 serag.
540 4010 619 4077 atque
631 4007 782 4062 tricesimus
798 4008 825 4062 V
837 4010 849 4076 ΙΙ
867 4010 946 4076 atque
958 4008 1027 4062 RV:
1046 4009 1073 4061 et
1089 4008 1111 4062 0
1127 4009 1139 4076 ΙΙ
1158 4024 1226 4076 quac
1239 4009 1278 4064 R:
1291 4010 1377 4078 igitur
1392 4010 1429 4075 V,
1448 4027 1498 4064 om.
1513 4011 1569 4066 GH

449 4095 461 4161 11
484 4094 604 4163 cogitent
618 4094 645 4149 V
710 4093 778 4150 Dea
791 4094 914 4164 operibus
935 4094 977 4148 R:
1006 4109 1037 4147 ea
1057 4110 1105 4147 om.
1124 4093 1188 4161 GH,
1210 4096 1334 4163 operibus
1354 4096 1433 4150 deum
1458 4096 1485 4150 V
1503 4097 1516 4163 ΙΙ
1536 4099 1564 4149 et

437 4196 506 4249 quae
522 4181 548 4234 V
567 4181 580 4247 ΙΙ
602 4179 720 4248 cogitent
736 4179 762 4234 V
823 4180 861 4236 10
877 4180 906 4233 in
918 4195 970 4248 qua
982 4179 1037 4233 oris
1053 4179 1088 4233 V:
1110 4180 1139 4232 in
1151 4180 1247 4248 quibus
1259 4182 1313 4235 oris
1325 4182 1368 4247 H,
1387 4182 1526 4250 inquibus
1542 4182 1566 4237 0

448 4268 461 4333 ΙΙ
484 4264 609 4334 elogiaO
660 4264 696 4320 11
715 4264 739 4317 si
752 4281 818 4334 qnae
829 4265 899 4320 HV:
918 4266 976 4333 siq,·
995 4265 1113 4329 msto
1166 4266 1202 4322 12
1221 4267 1415 4336 completurH
1430 4269 1443 4334 ΙΙ
1463 4266 1563 4321 inillis

372 4422 374 4427 Ι
441 4351 468 4405 V
488 4352 499 4418 ΙΙ
522 4350 704 4420 propheticum
724 4349 829 4405 illudo
898 4351 934 4408 13
953 4353 1056 4420 petram
1076 4352 1188 4405 solidam
1208 4352 1274 4406 RV:
1292 4356 1393 4406 terram
1404 4353 1520 4407 solidata
1540 4354 1564 4408 0

489 4436 527 4492 14
545 4434 588 4489 dei
603 4435 640 4490 V:
660 4434 760 4489 domini
776 4435 825 4491 GR
895 4436 932 4493 16
950 4437 988 4491 sit
1009 4441 1102 4492 saneta
1123 4455 1229 4508 corpore
1245 4439 1311 4503 AR,
1331 4442 1424 4492 sancta
1453 4455 1561 4508 corpore

436 4521 512 4576 sitO
563 4521 600 4578 18
617 4520 780 4575 nemorali
833 4521 869 4578 19
888 4524 929 4575 est
941 4538 989 4576 om.
1007 4523 1029 4578 G
1044 4526 1057 4591 ΙΙ
1075 4527 1166 4578 saneta
1178 4524 1255 4578 siro
1304 4524 1449 4581 redebere
1461 4524 1560 4579 sancti-

436 4606 510 4660 ficari
523 4608 551 4661 A
575 4607 587 4673 {l
608 4606 781 4662 testanturO
848 4607 885 4663 21
905 4608 1080 4664 sanctificatio
1093 4612 1208 4664 ceterum
1224 4610 1246 4665 0
1315 4611 1353 4667 22
1371 4610 1454 4664 otiam
1470 4610 1559 4666 CBV:

436 4692 530 4746 etiam
541 4693 614 4762 ΑΗ,
633 4693 710 4747 orob
