3834 5634
1156 552 1174 608 d

424 723 467 788 80
852 723 1000 793 Sulpicii
1017 721 1132 777 Seueri

421 895 528 942 uersus
542 878 597 942 hos
612 877 785 944 Alexander
801 880 864 944 arie
885 879 1032 962 confligit.
1055 895 1089 941 eo
1109 876 1223 959 proelio
1243 875 1437 941 Ptolemaeus
1452 875 1544 955 eadit,

392 979 591 1045 5Alexander
607 981 756 1046 uincitur:
782 982 873 1064 paulo
893 983 963 1065 post
983 979 1169 1056 interfectus,
1186 997 1256 1044 eum
1273 979 1428 1061 regnasset
1449 996 1544 1043 annos

420 1083 553 1165 quinque
567 1083 632 1161 uel,
655 1085 691 1148 ut
705 1084 739 1148 in
753 1084 905 1167 plerisque
919 1084 1095 1149 auctoribus
1110 1082 1244 1164 repperi,
1266 1099 1386 1148 nouem.

277 1202 279 1207 ’
369 1182 408 1244 25
461 1187 635 1250 Demetrius
650 1205 780 1270 regnum
800 1187 942 1269 indeptus
964 1187 1125 1251 Ionatham
1147 1185 1277 1268 benigne
1290 1184 1414 1264 habuit,
1436 1182 1544 1251 foedus

419 1290 489 1352 oum
515 1306 549 1352 eo
574 1288 663 1366 feeit,
686 1290 813 1354 Iudaeos
839 1290 960 1373 legibus
986 1289 1050 1354 suis
1075 1289 1217 1355 reddidit.
1240 1288 1356 1354 interea
1382 1287 1579 1371 hyphona

417 1392 470 1473 qni
484 1391 620 1472 partium
634 1392 801 1456 Alexandri
820 1391 934 1471 fuerat,
959 1391 1129 1474 praefectus
1145 1389 1249 1474 Syriae
1262 1407 1356 1475 regno
1374 1424 1391 1453 ι
1408 1423 1425 1454 ι
1442 1424 1459 1453 ι
1472 1409 1545 1463 eum

417 1493 498 1558 bello
523 1494 741 1576 prohibiturus,
765 1497 870 1560 eontra
895 1495 1024 1560 Ionatha
1045 1494 1078 1558 in
1091 1493 1242 1575 proelium
1255 1487 1543 1572 deseendit,'terr1·

387 1596 488 1659 abilis
503 1615 549 1661 xa
564 1597 688 1661 milium
703 1598 845 1662 exercitu.
870 1598 1028 1681 Tryphon,
1051 1596 1105 1661 ubi
1124 1615 1157 1665 se
1179 1597 1331 1678 imparem
1350 1595 1463 1674 oernit,
1485 1613 1543 1677 ps·

415 1718 482 1764 cem
497 1699 637 1777 simulat,
660 1702 875 1782 reoeptumque
894 1701 927 1764 in
946 1700 1117 1765 amieitiam
1130 1699 1358 1781 irritatamque
1372 1697 1544 1767 Ptolemai-

414 1802 487 1866 dam
512 1801 674 1867 interfecit.
697 1804 767 1884 post
791 1804 953 1868 Ionatham
979 1822 1100 1867 summa
1124 1821 1226 1867 rerum
1245 1801 1285 1867 ad
1309 1801 1464 1866 Simonem
1477 1799 1578 1868 iram

414 1907 494 1969 trem
510 1904 653 1968 defertur.
677 1905 704 1968 is
719 1904 811 1970 funus
826 1905 930 1976 fratris
945 1904 1107 1988 magnifiee
1127 1904 1247 1971 amauit
1266 1905 1444 1989 septemque
1468 1903 1541 1969 illas

412 2007 587 2090 pyramidas
602 2007 787 2072 nobilissimi
808 2008 906 2089 operis
927 2008 1075 2085 extruxit,
1099 2008 1132 2071 in
1156 2008 1268 2089 quibus
1294 2008 1325 2072 et
1349 2005 1482 2071 fratrum
1506 2007 1540 2072 et

384 2110 509 2192 epatris
535 2128 603 2173 ossa
628 2110 772 2175 condidit.
797 2112 866 2175 tum
879 2111 1075 2189 Demetrius,
1098 2109 1210 2174 referto
1231 2128 1302 2174 eum
1327 2109 1449 2175 Iudaeis
1474 2107 1541 2176 foe-

412 2213 498 2290 dere,
514 2213 768 2294 oontemplatione
783 2214 878 2278 eladis
893 2233 912 2278 a
927 2214 1088 2297 Tryphone
1101 2213 1206 2277 illatae
1222 2250 1262 2257 —
1277 2231 1350 2276 nam
1363 2213 1433 2294 post
1447 2212 1539 2279 Iona-

410 2315 484 2381 thae
505 2335 610 2381 neoem
631 2316 722 2380 urbes
745 2334 849 2380 eorum
871 2317 963 2398 atque
985 2334 1073 2399 agros
1095 2316 1175 2381 bello
1192 2315 1367 2380 uasmuerat
1381 2353 1422 2360 -
1437 2332 1574 2381 annuas

411 2418 455 2482 eis
470 2419 635 2502 uectigalia
649 2419 681 2482 in
695 2420 877 2501 perpetuum
891 2419 1047 2510 remittit:
1064 2419 1178 2484 etenim
1192 2437 1288 2500 usque
1302 2419 1341 2482 ad
1361 2418 1394 2482 id
1414 2420 1540 2500 tempus

410 2523 534 2605 regibus
555 2521 674 2606 Syriae,
706 2523 767 2586 nisi
793 2541 863 2587 oum
889 2522 982 2586 armis
1003 2523 1197 2600 rest'terumt,
1225 2521 1411 2604 stipendium
1436 2521 1540 2603 pensi-

381 2626 559 2692 dtauerant.
590 2626 623 2689 id
652 2626 774 2708 gestum
799 2626 951 2689 Demetrii
977 2625 1059 2708 regis
1085 2643 1162 2689 anno
1188 2626 1334 2703 seeundo,
1363 2625 1444 2706 quod
1469 2624 1538 2698 ideo

461 2878 477 2933 1
497 2894 527 2931 eo
538 2879 622 2947 prelio
635 2879 752 2931 uincitur
763 2878 928 2947 ptolomeus.
948 2879 1020 2932 eadit
1038 2879 1178 2932 alexander
1195 2879 1312 2933 uincitur
1330 2879 1408 2948 paulo
1426 2880 1488 2947 post
1500 2878 1534 2943 P,

408 2978 437 3016 eo
454 2964 554 3031 proelio
572 2963 689 3017 uincitur
706 2964 887 3029 Ptolemaeus,
907 2964 979 3018 eadit
992 2964 1148 3018 Alexander.
1160 2965 1285 3019 Vincitur
1304 2965 1485 3029 Ptolemaeus,
1503 2965 1533 3016 et

405 3048 557 3118 paulopost
569 3050 597 3113 b;
609 3050 696 3103 seenii
707 3065 800 3102 snmns
813 3049 1028 3104 emendationem
1041 3050 1073 3103 d.
1081 3051 1215 3118 Riebteri,
1228 3052 1284 3105 nesi
1294 3050 1367 3119 qnod
1377 3051 1423 3103 dle
1434 3066 1533 3104 sermn-

406 3133 474 3188 dnm
500 3135 646 3188 editionem
670 3136 829 3202 prinoipem
852 3138 880 3188 et
901 3141 966 3189 ante
986 3135 1066 3203 paulo
1086 3136 1196 3189 eddidit
1276 3136 1469 3192 2interfeetus
1493 3137 1533 3190 P:

405 3218 567 3273 interficitur
588 3221 604 3274 b
671 3220 878 3289 3imple1isque
891 3221 918 3274 P
973 3220 1173 3277 irenaeusne
1233 3222 1251 3279 5
1269 3221 1346 3275 indas
1358 3223 1385 3275 P
1406 3223 1418 3290 ll
1441 3219 1530 3279 sere

404 3305 487 3358 trifon
500 3307 528 3359 P
578 3305 596 3362 6
614 3306 706 3374 regno]
724 3307 768 3360 bie
785 3306 920 3374 qnnednm
936 3307 1108 3360 intercidisse
1126 3307 1215 3360 critiri
1232 3314 1303 3361 reete
1320 3307 1516 3360 intellexerunt
1520 3326 1531 3373 ,·

404 3406 454 3444 nee
466 3397 558 3445 tamen
569 3392 674 3458 snffioit
685 3409 746 3445 enm
758 3392 927 3462 Hieronymo
938 3392 971 3445 de
981 3393 1069 3445 Proto
1077 3392 1201 3445 inhiabat
1211 3393 1350 3461 snppiere;
1369 3409 1434 3445 narn
1443 3409 1531 3459 appa—

403 3481 446 3530 ret
453 3478 542 3545 plnrn
553 3478 643 3531 deesse
654 3483 680 3531 et
691 3478 778 3531 nerbo
789 3493 848 3531 eum
856 3477 927 3531 bello
936 3477 1119 3546 prohibiturns
1131 3493 1189 3531 non
1197 3478 1235 3531 nd
1243 3479 1407 3532 sententiam
1417 3493 1531 3545 repnen-

406 3570 475 3630 tem,
492 3563 540 3616 sed
560 3563 598 3616 nd
605 3565 728 3631 priorem
744 3564 891 3630 pertinere.
911 3563 959 3616 En
980 3564 1102 3617 Moeeab.
1125 3564 1150 3631 Ι,
1168 3566 1213 3630 12,
1226 3567 1263 3617 39
1274 3579 1327 3631 sp,
1345 3563 1401 3616 ‘nni
1419 3561 1532 3630 ἐζήτησε

405 3644 527 3723 Τρύφων
548 3651 707 3717 βασιλεῦσαι
732 3651 781 3716 τῆς
801 3648 894 3709 Ἀσίας
914 3652 962 3701 καὶ
979 3654 1148 3723 περιθέσθαι
1164 3648 1196 3702 τὸ
1213 3645 1339 3720 διάδημα
1350 3651 1530 3704 adliminat

356 3752 359 3757 ·
397 3740 482 3808 χεῖρα
504 3735 553 3788 ἐπὶ
564 3734 715 3804 Ἀντίοχον
734 3733 784 3788 τὸν
803 3737 924 3803 βασιλέα·
945 3738 994 3787 καὶ
1015 3730 1143 3804 ἐφοβήθη
1160 3730 1201 3805 μή
1222 3754 1290 3788 ποτε
1304 3732 1530 3808 οὐκέάσῃαύτόν

402 3816 540 3874 Ἰωνιὶθασ
555 3823 604 3873 καὶ
619 3816 661 3891 μή
675 3839 743 3874 ποτε
761 3815 907 3892 πολεμήσῃ
920 3819 991 3894 πρὸς
1002 3816 1095 3874 αὐτόν·
1107 3824 1155 3873 καὶ
1167 3815 1254 3887 ἐζήτει
1265 3817 1355 3896 πόρον
1365 3824 1415 3874 τοῦ
1427 3825 1527 3876 συλλα-

401 3912 463 3975 βεῖν
479 3905 529 3959 τὸν
540 3902 677 3960 ’Invidere
694 3909 741 3959 nni
752 3906 888 3960 ἀπολέσαι
905 3902 1005 3973 αὐτόν,
1030 3910 1077 3959 καὶ
1093 3902 1203 3978 ἀπάρας
1221 3904 1306 3973 ἢλθεν
1323 3911 1363 3966 εἰς
1378 3905 1529 3962 Βαιθσάν·’

402 3992 505 4046 inennn
516 3993 555 4046 sie
566 3993 625 4060 fere
638 3991 775 4060 explendo
785 3992 913 4045 nidetnr:
933 4008 1013 4060 regno
1023 3991 1114 4060 [Asiae
1125 3992 1245 4056 inhians,
1258 3993 1361 4046 ueritus
1369 4009 1401 4046 ne
1410 3993 1529 4048 Jonatha

402 4077 456 4131 sibi
476 4094 550 4130 arma
570 4078 692 4142 inferret,
710 4077 843 4146 profectus
861 4080 902 4130 est
913 4077 1061 4146 Baethsan]
1073 4094 1133 4130 eum
1144 4077 1415 4147 belloprohibitnrus.
1435 4082 1528 4133 eontra

401 4163 518 4218 Jonatha
539 4169 585 4217 ete.
640 4163 657 4219 7
676 4163 786 4216 ionatha
807 4165 880 4230 (enm
901 4164 979 4231 apice
997 4179 1081 4230 snper
1100 4164 1207 4232 epilabn
1226 4164 1287 4235 tha)
1300 4164 1339 4217 P:
1357 4163 1526 4219 Jonathanb

453 4248 595 4305 8milium
615 4249 644 4302 b:
672 4248 763 4312 milib;
782 4249 810 4301 P
872 4247 1098 4316 9ptolomaidam
1119 4249 1157 4313 P,
1181 4249 1374 4303 Ptolemaidem
1393 4251 1526 4318 Prusias,

400 4335 458 4389 nebi
476 4335 557 4388 mdis
575 4333 743 4387 Ptolemaida
814 4333 852 4390 10
868 4333 997 4388 interficit
1017 4335 1135 4388 molebat
1154 4334 1188 4388 de
1208 4335 1296 4389 Proto
1318 4337 1330 4403 ΙΙ
1352 4335 1488 4389 Jonathan
1508 4336 1524 4390 b

410 4421 423 4488 ΙΙ
446 4435 582 4489 symonem
595 4420 622 4472 P
674 4418 711 4475 12
729 4419 757 4472 in
770 4420 867 4488 quibus
884 4420 980 4473 matris
998 4422 1026 4473 et
1044 4419 1159 4473 fratrum
1176 4420 1210 4473 de
1221 4422 1310 4474 Proto
1314 4440 1325 4489 ,·
1342 4422 1422 4475 inemo
1428 4423 1526 4491 potins

400 4507 428 4560 et
451 4505 565 4560 hamum
588 4506 616 4559 et
638 4505 734 4558 matris
757 4507 785 4558 et
808 4504 907 4574 patris,
927 4507 962 4574 ef.
985 4506 1107 4560 Maeoob.
1130 4506 1155 4574 I,
1176 4509 1220 4573 13,
1232 4508 1272 4560 28
1325 4506 1362 4562 14
1379 4506 1478 4574 tritone
1497 4507 1527 4562 P

453 4590 490 4647 16
508 4590 547 4644 eis
564 4590 716 4644 Giselinns:
735 4590 792 4643 eius
805 4591 833 4644 P
854 4592 866 4659 ΙΙ
888 4591 1085 4660 imperpetuum
1097 4591 1126 4644 P
1178 4590 1214 4646 17
1232 4591 1390 4645 restiterunt
1401 4592 1440 4647 P:
1459 4591 1525 4646 resi·

401 4677 531 4731 sterentb
