3834 5634
429 717 493 782 244
897 715 1075 785 Appendira

429 876 503 934 male
518 876 644 935 redoleat
661 878 745 936 odore
759 877 883 950 peceati,
906 879 1052 950 unguento
1068 875 1238 933 suauissimo
1254 874 1411 948 sapientiae
1426 876 1455 934 ot
1470 873 1564 933 soien-

428 979 486 1038 tiae
500 979 701 1052 perfundatur.

380 1086 420 1142 14
471 1082 640 1140 Huiusmodi
665 1082 742 1140 Deus
767 1081 881 1155 quaerit
903 1084 1036 1139 ornatum
1059 1084 1088 1140 et
1108 1082 1233 1140 animam
1252 1081 1351 1140 taliter
1370 1080 1555 1153 compositam

429 1185 610 1258 concupiscit.
634 1187 774 1243 memento
799 1187 828 1242 te
844 1184 895 1242 Dei
911 1184 1001 1243 filiam
1025 1184 1096 1255 dici,
1119 1186 1273 1243 secundnm
1288 1185 1362 1257 quod
1377 1183 1433 1241 ait:
1458 1182 1560 1254 audi,

429 1286 531 1359 filia,
555 1289 589 1346 et
611 1288 704 1346 uide.
728 1289 777 1346 sed
792 1288 820 1345 et
835 1289 868 1345 tn
883 1288 961 1360 ipsa,
985 1288 1237 1361 quotienscumque
1265 1289 1356 1345 Deum
1375 1289 1485 1359 patrem
1508 1302 1560 1344 no·
1583 1305 1596 1345 e

429 1391 535 1463 minas,
558 1390 610 1449 Dei
625 1393 654 1449 16
669 1390 758 1448 filiam
774 1407 835 1449 esse
851 1391 977 1449 testaris.
1001 1407 1067 1464 ergo
1093 1391 1118 1449 si
1144 1391 1197 1448 Dei
1211 1391 1273 1448 filia
1287 1407 1336 1462 es,
1360 1389 1425 1447 uide
1439 1405 1475 1447 ne
1490 1387 1560 1462 quid

429 1511 524 1552 corum
546 1493 650 1565 faoiaS,
678 1510 750 1567 quae
770 1495 828 1552 Deo
855 1493 931 1566 patri
953 1493 1109 1567 incongrua
1134 1495 1215 1566 sunt,
1239 1494 1288 1551 sed
1303 1509 1355 1567 age
1370 1492 1464 1551 omnia
1478 1491 1562 1566 quasi

428 1596 489 1654 filia
513 1596 575 1654 Dei.
599 1612 733 1670 cognosce
748 1597 885 1670 quomodo
900 1597 986 1655 huius
1002 1596 1108 1655 saeculi
1129 1597 1268 1655 nobilium
1292 1595 1369 1653 filiae
1392 1611 1422 1653 se
1448 1596 1559 1668 gerant,

426 1802 596 1875 quibusdam
610 1801 780 1861 uerecundia
795 1805 854 1872 est,
877 1804 960 1860 tanta
974 1803 1122 1876 grauitas,
1145 1805 1229 1860 tanta
1254 1801 1409 1873 modestia,
1432 1802 1466 1859 ut
1481 1801 1557 1859 oete·
1568 1815 1595 1856 ro

426 1921 521 1963 rorum
536 1904 681 1962 hominum
696 1904 784 1962 ritum
799 1904 907 1963 intuitu
923 1905 1064 1964 hnmanae
1084 1904 1273 1979 ingenuitatis
1293 1905 1444 1974 excedant,
1468 1905 1497 1962 61
1521 1919 1558 1962 11

426 2023 510 2080 quam
526 2006 653 2065 honestis
667 2007 833 2078 parentibus
854 2007 914 2065 suis
928 2024 979 2081 per
993 2008 1106 2080 lapsum
1122 2025 1204 2067 suum
1219 2007 1354 2066 infamiae
1369 2007 1486 2064 inurant
1502 2022 1554 2064 no·

425 2111 502 2180 tam,
526 2109 646 2167 alteram
662 2109 717 2167 sibi
731 2110 852 2184 quodam
867 2112 948 2169 modo
963 2110 1039 2169 inter
1050 2111 1177 2169 homines
1192 2110 1404 2170 consuetudinis
1419 2110 1554 2168 studeant

425 2211 517 2270 facere
532 2212 673 2270 naturam.
697 2214 726 2270 et
740 2214 773 2270 tu
788 2229 854 2286 ergo
870 2213 1007 2286 originem
1023 2216 1103 2271 tuam
1117 2214 1234 2287 respice,
1250 2212 1475 2291 gennsjintuere,
1492 2212 1555 2285 glo·

426 2315 496 2372 riam
519 2314 679 2373 nobilitatis
699 2315 824 2373 aduerte.
848 2331 968 2388 agnosce
983 2319 1012 2374 te
1026 2334 1082 2375 non
1097 2316 1220 2375 hominis
1234 2318 1362 2386 tantum,
1386 2316 1436 2373 sod
1453 2318 1482 2372 ct
1498 2314 1552 2372 Dei
1567 2330 1592 2371 15

424 2417 514 2475 filiam
534 2418 563 2475 et
577 2416 692 2475 diuinae
706 2417 870 2476 natiuitatis
884 2418 1037 2478 nobilitate
1053 2421 1222 2478 decoratam.
1246 2418 1331 2476 itate
1346 2418 1456 2489 exhibe,
1473 2419 1506 2475 ut
1522 2416 1553 2474 in

427 2523 456 2578 te
470 2520 602 2578 caelestis
615 2520 755 2578 natiuitas
770 2522 906 2593 appareat
921 2523 950 2580 11
965 2521 1128 2596 ingenuitas
1142 2522 1241 2581 diuina
1255 2522 1402 2580 clarescat.
1413 2520 1466 2597 Ᾱ111
1481 2520 1512 2577 in
1527 2522 1556 2578 te

428 2640 502 2681 noua
516 2623 660 2696 grauitas,
683 2624 817 2681 honestas
831 2623 1030 2696 admirabilis,
1054 2626 1194 2698 stupenda
1209 2624 1393 2694 uerecundia,
1417 2623 1490 2680 mira
1505 2639 1557 2695 pe·

429 2725 548 2797 olentia,
571 2727 724 2800 uirginalis
738 2726 865 2785 incessus
881 2729 909 2785 et
924 2743 1008 2786 uerae
1021 2727 1175 2801 pudicitiae
1189 2727 1320 2798 habitus,
1337 2742 1427 2785 sermo
1443 2741 1554 2798 semper

431 2830 575 2887 modestus
601 2832 629 2888 et
650 2847 699 2888 suo
715 2829 746 2887 in
760 2831 885 2902 tempore
900 2830 1098 2902 proferendus,
1121 2832 1155 2888 nt
1169 2829 1300 2905 quisquis
1314 2830 1344 2888 te
1358 2829 1481 2900 uiderit,
1505 2828 1556 2886 ad·
1566 2844 1593 2886 ao

432 2931 551 2990 miretur
565 2934 594 2990 et
609 2931 701 2990 dicat:
724 2921 807 3005 ‘qnae
827 2934 897 2992 haec
911 2950 1001 2992 nouae
1016 2933 1091 2992 inter
1105 2933 1233 2992 hominos
1247 2932 1401 3006 grauitatis
1416 2930 1557 3004 patientia

432 3030 495 3092 est?
518 3050 591 3107 quae
604 3033 719 3106 pudoris
733 3036 916 3107 uerecundia,
939 3052 1012 3110 quae
1026 3037 1184 3096 honestatis
1198 3035 1351 3107 modestia,
1374 3051 1447 3108 queo
1462 3035 1557 3090 matu-

431 3136 503 3195 ritas
529 3134 707 3209 sapientiae?
729 3154 786 3196 non
809 3140 852 3196 est
878 3138 935 3197 iste
949 3140 1074 3198 humana
1088 3140 1233 3199 institutio
1248 3156 1300 3198 nec
1314 3136 1465 3210 disciplina
1480 3152 1556 3195 mor-

430 3239 508 3298 talis.
532 3241 652 3299 caeleste
667 3240 738 3298 mihi
752 3241 863 3314 aliquid
877 3242 908 3301 in
923 3244 1035 3301 terreno
1050 3260 1164 3316 corpore
1178 3242 1295 3301 redolet.
1318 3242 1387 3314 puto
1408 3241 1482 3313 quod
1504 3239 1556 3296 ha-

532 3405 559 3471 4,
577 3405 621 3459 Pa.
640 3406 688 3469 44,
708 3407 754 3463 11.

484 3562 498 3616 1
518 3561 588 3614 malo
604 3561 630 3614 V
644 3567 669 3615 et
681 3561 721 3615 ed.
739 3561 809 3616 Voll.
832 3564 844 3630 ΙΙ
867 3563 1026 3617 suauissimo
1048 3564 1110 3620 CV:
1128 3563 1303 3618 saeuissimae
1319 3562 1364 3617 111
1442 3561 1460 3618 3
1478 3577 1556 3615 oma-

430 3649 548 3700 mcntum
564 3647 591 3701 V
638 3646 658 3702 4
675 3646 744 3715 quod
756 3647 796 3700 ait
807 3647 900 3703 ARV:
913 3649 983 3703 illud
999 3649 1022 3704 0
1080 3649 1098 3706 6
1115 3649 1173 3704 filia
1184 3650 1228 3704 dei
1243 3650 1295 3705 oV
1344 3646 1446 3718 ipatri
1458 3647 1552 3702 ARV:

430 3732 519 3786 omo
540 3732 552 3799 ll
575 3730 702 3787 1111οΗ
748 3731 767 3789 8
786 3748 1026 3804 cognosce-ergo
1042 3737 1081 3803 (u.
1100 3737 1147 3803 14)
1164 3751 1213 3790 om.
1227 3736 1255 3789 A
1277 3738 1289 3803 ΙΙ
1312 3735 1384 3790 filiae
1406 3753 1433 3789 so
1453 3736 1554 3790 nobili-

430 3819 488 3870 tum
502 3818 564 3885 (so'c)
580 3817 607 3872 V
624 3817 637 3884 ll
659 3833 687 3871 so
699 3833 748 3872 om.
760 3818 799 3883 R,
822 3819 921 3875 caete
932 3821 1031 3874 saeculi
1043 3823 1123 3876 habet
1192 3823 1210 3879 9
1229 3838 1257 3876 se
1268 3839 1318 3876 om.
1335 3823 1362 3877 V
1380 3825 1392 3890 ΙΙ
1415 3824 1444 3876 in
1456 3839 1505 3878 om.
1528 3824 1555 3879 11

483 3903 519 3960 11
537 3918 570 3956 11
582 3918 661 3970 quem
671 3903 739 3959 RV:
756 3920 923 3974 nequaquem
939 3906 963 3962 Ο
1014 3907 1051 3962 12
1068 3923 1115 3976 per
1126 3908 1267 3962 lasciuiam
1287 3909 1414 3963 infamiae
1430 3910 1457 3964 V
1476 3913 1488 3977 ΙΙ
1512 3911 1554 3965 in·

429 3988 526 4042 femiae
538 4003 586 4042 ora.
599 3987 626 4043 R
642 3989 655 4059 {l
675 3991 767 4043 notam
777 3990 887 4044 inurant
902 3992 925 4047 0
977 3992 1014 4049 13
1032 3993 1158 4047 studeant
1169 3995 1256 4048 facere
1267 3994 1307 4049 R:
1325 3994 1410 4049 fecere
1424 3995 1464 4049 ed.
1479 3996 1549 4050 Vae.

431 4079 457 4128 et
471 4074 509 4141 V,
526 4072 653 4129 facientes
676 4074 700 4129 0
749 4076 788 4133 14
805 4078 833 4129 et
852 4078 884 4131 11
904 4077 1008 4146 origine
1028 4081 1121 4132 tuate
1144 4080 1219 4134 oredo
1240 4096 1292 4134 non
1312 4080 1428 4134 hominis
1444 4084 1553 4136 tantum

430 4158 526 4214 11111111
536 4158 679 4215 1111111617
729 4161 767 4221 15
784 4177 836 4215 non
846 4162 964 4217 hominis
984 4165 1090 4218 tentum
1107 4166 1223 4233 (tantum
1235 4181 1291 4219 esse
1307 4166 1340 4235 0)
1351 4166 1553 4222 sed-decora·

429 4247 487 4299 tam
503 4243 564 4300 GV:
581 4259 633 4298 non
643 4245 760 4300 hominis
771 4246 817 4300 sed
828 4247 879 4300 Dei
890 4247 1178 4304 filiam—decoratam
1198 4251 1241 4316 H,
1259 4267 1311 4306 non
1332 4251 1484 4306 hominibus
1506 4253 1553 4308 sed

431 4332 459 4385 et
470 4331 509 4398 (et
520 4344 568 4385 om.
581 4331 620 4400 A)
631 4329 675 4385 dei
689 4330 844 4385 diuinitatis
865 4334 1008 4389 nobilitate
1020 4335 1171 4390 decoratam
1189 4337 1246 4392 AR
1314 4337 1352 4394 17
1370 4341 1497 4407 appareat
1510 4339 1551 4394 ed.

434 4417 539 4471 Vellet
552 4418 589 4472 V:
611 4408 656 4472 111
666 4420 760 4486 pareat
777 4416 813 4486 R,
825 4421 918 4487 pareat
934 4419 1032 4489 ΑΘΗ,
1050 4423 1170 4490 peteetb
1193 4424 1205 4491 ΙΙ
1228 4423 1309 4479 etR:
1326 4423 1435 4487 utAV,
1449 4425 1555 4480 otutO

483 4502 519 4558 19
537 4517 599 4557 uere
609 4503 667 4559 RV
679 4504 691 4571 ΙΙ
707 4502 815 4557 habitus
828 4505 856 4557 61
867 4520 952 4560 sermo
963 4504 1019 4560 AR
1064 4507 1265 4577 nequisquam
1311 4509 1348 4566 21
1362 4524 1445 4563 nouae
1455 4510 1550 4565 ARV:

431 4587 537 4643 nouaO
585 4587 623 4645 23
641 4588 787 4657 sapientiae
799 4589 891 4645 ARV:
904 4606 953 4646 oct.
969 4591 993 4646 0
1010 4593 1022 4660 ΙΙ
1043 4591 1214 4647 institutione
1225 4593 1369 4664 disciplina
1380 4593 1408 4649 R
1459 4595 1552 4654 2410-

431 4671 503 4725 dolet
514 4673 607 4727 ARV:
624 4673 740 4742 refulget
756 4673 779 4730 0
799 4676 812 4742 ΙΙ
833 4678 898 4744 puto
910 4677 981 4730 enim
994 4676 1063 4745 quod
1075 4677 1183 4733 habitat
1194 4681 1222 4733 A
