3834 5634
424 737 467 800 42
845 732 993 804 Sulpicii
1016 732 1131 787 Seueri

395 907 502 964 onem.
527 889 579 953 sed
594 888 647 952 ille
661 906 721 954 non
735 888 819 953 aliud
834 889 894 953 sibi
909 908 1001 971 quam
1022 888 1202 970 sapientiam
1217 887 1283 951 dari
1302 885 1452 968 poposcit,
1475 884 1549 949 reli·

423 1010 483 1073 qua
498 991 600 1056 omnia
613 991 701 1073 parui
716 991 888 1056 aestimans.
912 992 957 1056 ita
972 1008 1076 1056 somno
1092 991 1255 1067 excitatus,
1278 1008 1348 1053 oum
1363 988 1432 1051 ante
1446 1005 1547 1051 sacra·

421 1094 504 1158 rium
519 1094 577 1158 Dei
592 1094 792 1173 constitisset,
815 1093 951 1159 indultae
966 1094 1027 1158 sibi
1041 1113 1059 1158 a
1072 1094 1137 1158 Deo
1152 1091 1316 1173 sapientiae
1330 1090 1548 1154 documentum

393 1197 515 1268 adedit.
538 1215 669 1279 namque
682 1197 758 1261 duae
770 1197 913 1261 mulieres
925 1216 986 1261 una
996 1197 1029 1261 in
1040 1197 1129 1261 domo
1145 1194 1340 1272 diuersanteu
1356 1211 1427 1256 oum
1441 1192 1547 1256 eodem

420 1300 555 1381 tempore
575 1317 683 1381 pueros
704 1299 870 1364 edidissent
890 1301 981 1382 atque
1001 1317 1037 1363 ex
1057 1298 1106 1363 his
1128 1298 1205 1362 alter
1225 1298 1294 1379 post
1316 1296 1398 1360 diem
1419 1294 1547 1358 tertium
1569 1311 1583 1350 ⁵

420 1402 506 1468 nocte
526 1402 653 1480 obisset,
677 1403 774 1467 mater
794 1402 929 1467 defuncti
955 1420 1060 1466 somno
1080 1401 1205 1466 alterius
1225 1399 1371 1464 insidiata
1389 1398 1547 1462 mortuum

419 1523 510 1568 sunm
525 1505 698 1587 supposuit,
721 1505 878 1569 uiuentem
892 1505 1030 1569 abstulit.
1053 1504 1123 1568 inde
1138 1504 1217 1568 inter
1231 1521 1281 1567 eas
1295 1502 1333 1566 de
1346 1517 1438 1583 puero
1453 1499 1546 1563 alter-

419 1606 514 1685 catio,
537 1608 688 1689 postremo
708 1626 756 1671 res
783 1609 821 1672 ad
841 1626 945 1692 regem
966 1607 1081 1671 demta:
1110 1606 1247 1670 difficilis
1266 1603 1375 1669 iudicii
1395 1601 1546 1677 absolutio

390 1709 498 1776 rinter
512 1710 669 1794 negantis,
692 1710 746 1774 ubi
767 1711 855 1774 testis
871 1711 982 1774 deerat.
1005 1711 1074 1774 tum
1088 1709 1230 1774 Salomon
1244 1708 1366 1772 diuinae
1380 1705 1546 1788 sapientiae

417 1914 512 1979 iubet.
536 1932 664 1996 cumque
694 1933 754 1980 una
780 1934 884 1979 earum
904 1916 1016 1980 iudicio
1037 1915 1257 1998 adquieuisset,
1280 1914 1341 1978 alia
1354 1930 1426 1977 uero
1440 1911 1545 1977 cedere

416 2017 519 2098 potius
533 2034 625 2098 puero
641 2036 734 2099 quam
749 2017 878 2099 discerpi
893 2037 964 2082 eum
979 2018 1101 2096 mallet,
1123 2018 1265 2083 Salomon
1278 2036 1314 2080 ex
1328 2016 1438 2080 affectu
1452 2014 1545 2079 femi·

415 2137 471 2183 nae
491 2119 570 2183 hano
589 2138 658 2183 uere
678 2120 810 2184 matrem
830 2139 894 2184 esse
909 2120 1093 2198 coniectans,
1116 2139 1245 2202 puerum
1270 2120 1320 2183 illi
1344 2117 1544 2211 adiudicauit

415 2239 475 2285 non
501 2221 565 2286 sine
591 2221 856 2287 circumstantium
881 2223 1097 2301 admiratione,
1120 2222 1271 2305 siquidem
1295 2222 1442 2287 latentem
1462 2220 1544 2286 ueri·

386 2324 512 2388 51010111
527 2324 688 2405 prudentia
702 2326 888 2407 protulisset.
910 2326 956 2390 ita
976 2327 1009 2391 in
1028 2326 1261 2390 admirationem
1281 2325 1396 2408 ingenii
1410 2325 1580 2406 maden-1⁵

415 2426 535 2509 tiaeque
550 2427 614 2492 eius
629 2447 715 2512 reges
730 2428 901 2493 uicinorum
921 2429 1061 2513 gentium
1081 2429 1250 2493 amicitiam
1270 2428 1308 2493 ab
1329 2446 1363 2492 eo
1378 2427 1544 2509 foedusque

414 2529 541 2611 petiere,
564 2531 663 2612 parati
678 2531 827 2613 imperata
841 2531 946 2595 facere.

365 2651 405 2714 40
458 2630 534 2710 Quis
570 2633 678 2715 opibus
712 2633 841 2698 confisus
873 2635 1026 2716 templum
1058 2636 1121 2698 Deo
1149 2634 1280 2698 inmensi
1313 2634 1411 2716 operis
1444 2632 1543 2697 facere

415 2753 592 2819 aggressus,
615 2736 729 2817 paratis
749 2754 802 2818 per
821 2735 989 2800 triennium
1009 2736 1188 2818 impendiis,
1209 2738 1317 2819 quarto
1337 2736 1399 2805 fere
1419 2734 1542 2817 imperii

414 2855 491 2902 anno
512 2838 647 2919 primurn
667 2837 902 2902 fundamentum
923 2837 1010 2917 iecit,
1034 2857 1052 2902 a
1073 2839 1257 2921 profectione
1276 2840 1485 2904 Hebraeorum
1505 2855 1580 2901 erro

414 2939 556 3031 Aegypto
576 2957 653 3003 anno
674 2939 741 3004 fere
756 2940 863 3005 octauo
883 2942 914 3004 et
934 2941 1119 3025 octogesimo
1141 2944 1172 3006 et
1186 2941 1445 3026 quingentesimo,
1467 2939 1541 3004 lieet

413 3040 491 3104 libro
506 3041 681 3125 Regnorum
696 3043 787 3107 tertio
802 3059 932 3108 0000111
950 3043 1045 3109 firisse
1060 3044 1243 3124 referantur,
1258 3044 1339 3127 quod
1349 3061 1542 3126 nequaquam

414 3143 569 3222 conuenit,
598 3144 750 3226 siquidem
771 3164 824 3226 per
846 3146 955 3210 seriem
982 3147 1119 3229 superius
1147 3149 1392 3230 comprehensam
1417 3145 1539 3212 facilius

384 3243 521 3325 afuerit,
544 3247 580 3311 ut
594 3247 696 3312 minus
711 3247 849 3314 fortassis
864 3268 1012 3314 annorum
1027 3269 1120 3333 quam
1135 3251 1267 3333 amplius
1282 3251 1462 3316 annotarim.
1486 3251 1539 3314 sed

411 3364 472 3413 non
492 3349 600 3413 dubito
622 3350 818 3416 librariorum
838 3352 940 3434 potius
962 3353 1170 3438 neglegentia,
1198 3354 1378 3436 praesertim
1402 3354 1450 3418 101
1471 3353 1576 3418 101111δ

411 3442 833 3534 000011111111101001011111111,
863 3456 1026 3521 dentatam
1053 3456 1148 3521 fuisse
1170 3458 1357 3539 corruptam,
1388 3476 1480 3539 quam
1501 3458 1539 3522 ut

409 3554 556 3639 propheta
582 3557 737 3621 errauerit.
768 3558 848 3621 siout
876 3558 909 3623 in
934 3558 992 3623 hoc
1019 3559 1085 3640 ipso
1107 3561 1209 3624 nostro
1231 3559 1375 3642 opusculo
1397 3558 1538 3623 futurum

410 3655 577 3735 oredimus,
598 3658 634 3722 ut
653 3658 891 3724 describentium
911 3661 1043 3739 incuria,
1067 3681 1144 3743 quae
1164 3680 1224 3727 non
1243 3662 1393 3727 incuriose
1412 3681 1431 3726 a
1449 3661 1538 3726 nobis

410 3758 482 3821 sunt
496 3758 625 3843 digesta,
642 3760 799 3826 uitiantur.
815 3762 913 3846 igitur
924 3762 1066 3828 Salomon
1081 3766 1222 3846 coeptum
1236 3765 1344 3848 templi
1359 3782 1434 3847 opus
1448 3764 1537 3848 uige-

380 3859 487 3929 3simo
508 3880 585 3926 anno
605 3863 760 3945 explicuit.
791 3865 941 3929 celebrato
962 3865 1070 3930 deinde
1089 3866 1206 3931 ibidem
1228 3867 1373 3932 sacrificio
1394 3867 1575 3949 duceque-o

409 3962 552 4043 oratione,
570 3984 629 4047 qua
642 3968 791 4048 populum
806 3968 1016 4050 templumque
1031 3968 1200 4049 benedixit,
1216 3972 1299 4035 Deus
1313 3970 1352 4035 ad
1367 3989 1437 4034 eum
1450 3969 1536 4033 locu-

407 4067 459 4131 tus
474 4067 530 4146 est,
543 4067 723 4134 denuntians
734 4069 807 4148 lore,
820 4069 847 4133 si
858 4070 978 4152 quando
989 4073 1163 4152 peccassent
1173 4091 1208 4137 ac
1218 4074 1320 4138 Deum
1330 4072 1536 4155 reliquissent,

510 4304 526 4361 1
545 4304 589 4358 111
606 4305 670 4375 neg.
690 4305 715 4363 3.
763 4306 801 4365 15
818 4305 862 4359 m
879 4305 943 4376 neg.
963 4308 983 4364 4
1020 4307 1057 4364 re
1074 4309 1118 4364 111
1135 4310 1200 4379 neg.
1220 4311 1237 4366 0
1273 4310 1372 4368 30111
1390 4310 1453 4381 neg.
1473 4310 1499 4366 e.

457 4526 576 4582 8iudici
599 4542 747 4595 perperam
772 4528 888 4583 01010101
913 4529 948 4583 de
974 4531 1062 4586 Proto
1126 4533 1291 4602 9negantes
1318 4534 1346 4588 P
1367 4549 1436 4589 corr.
1466 4541 1493 4591 et
1518 4537 1535 4590 b

459 4612 495 4668 18
514 4612 593 4678 Queis
611 4612 628 4665 b
649 4613 661 4681 ΙΙ
680 4613 793 4667 Domino
810 4613 970 4670 immensib
1030 4617 1069 4674 29
1087 4618 1208 4672 uitentur
1230 4620 1258 4673 P
1308 4619 1345 4676 31
1364 4620 1493 4674 Dominus
1511 4620 1536 4686 b,

404 4696 469 4750 item
481 4696 519 4754 32
531 4697 680 4753 Dominum.
1174 4726 1176 4728 ’
