3834 5634
801 1482 883 1564 llll.
910 1481 1000 1564 Alia
1026 1479 1207 1585 epistula.

486 1891 512 1946 1.
538 1845 649 1948 Sacrae
664 1887 811 1962 religionis
825 1887 898 1947 fidus
913 1888 1054 1961 interpres
1069 1887 1203 1946 uniuersa
1218 1887 1364 1961 conponit,
1392 1888 1425 1945 nt
1444 1884 1569 1960 peccatis

395 2021 396 2026 κ
441 1991 564 2050 ulterius
578 1993 656 2051 locus
672 2007 733 2050 esse
747 2008 804 2050 non
819 1991 923 2064 possit:
940 2009 1006 2050 nam
1019 1990 1088 2064 quid
1100 1989 1179 2049 aliud
1193 1993 1276 2049 tanta
1290 2007 1399 2049 morum
1414 1988 1568 2048 sanctitate

438 2093 599 2169 promittis,
616 2093 672 2152 nisi
688 2095 720 2152 ut
735 2093 826 2152 uitam
840 2094 954 2152 beatam
970 2093 1109 2152 submotis
1124 2093 1266 2153 erroribus
1281 2089 1443 2167 agitemus?
1466 2091 1497 2150 in
1512 2107 1567 2164 quo

440 2196 553 2255 laudem
579 2197 731 2255 maximam
756 2196 816 2255 tuis
841 2196 922 2255 uideo
949 2197 1099 2256 conuenire
1128 2197 1301 2269 uirtutibus,
1325 2196 1400 2270 quod
1414 2195 1568 2268 inperitam
1591 2216 1602 2254 e

439 2302 563 2358 mentem
578 2299 633 2373 piis
648 2299 857 2359 hortationibus
872 2300 1024 2359 inmutaris
1039 2302 1068 2359 et
1083 2301 1119 2358 ad
1134 2299 1270 2374 optimam
1282 2299 1403 2358 traxeris
1418 2298 1567 2358 rationem.

436 2405 563 2461 ceterum
579 2419 634 2462 uon
649 2403 692 2461 ita
706 2402 836 2461 mirabile
851 2402 1004 2475 uideretur,
1022 2403 1047 2461 si
1058 2403 1184 2462 eruditos
1195 2403 1303 2462 animos
1318 2402 1414 2460 infusa
1426 2401 1569 2473 sapientia

438 2505 648 2565 confirmasses:
673 2508 716 2566 est
741 2506 817 2565 enim
838 2506 1026 2579 prudentibus
1041 2505 1113 2564 uiris
1127 2523 1191 2564 cum
1206 2505 1355 2564 deuotione
1370 2505 1500 2579 cognatio
1516 2521 1569 2563 nec

437 2611 483 2668 θεῖ
498 2608 554 2667 cito
569 2608 739 2668 conueniens
754 2608 918 2668 credulitati
933 2609 1090 2668 rusticitas.
1114 2608 1155 2667 sic
1170 2608 1225 2680 illi,
1249 2609 1300 2682 qui
1315 2608 1422 2682 figuras
1437 2607 1567 2666 animan-

437 2710 511 2768 tium
527 2711 561 2769 de
576 2711 720 2784 lapidibus
735 2713 857 2783 ducunt,
881 2711 1054 2770 difficilioris
1068 2711 1161 2784 operis
1175 2711 1321 2785 negotium
1336 2714 1454 2786 gerunt,
1472 2711 1497 2769 si
1513 2712 1604 2769 du·1o

436 2812 551 2871 rissima
578 2830 646 2871 saxa
669 2813 849 2872 ferramentis
870 2814 1029 2887 incutiunt,
1053 2814 1099 2872 illi
1113 2831 1189 2886 uero,
1213 2814 1262 2888 qui
1277 2813 1415 2873 mollioris
1430 2813 1567 2872 materiae

436 2918 614 2974 tentamenta
625 2917 815 2989 susceperint,
831 2934 932 2975 manus
948 2934 1014 2975 suas
1029 2917 1123 2976 iuuari
1138 2917 1265 2976 sentiunt
1276 2916 1416 2976 facilitate
1429 2915 1565 2990 fingendi,

434 3021 712 3092 consentaneumque
728 3021 862 3092 putatur,
886 3022 919 3077 ut
946 3022 1052 3078 arduus
1076 3020 1157 3078 labor
1179 3019 1288 3093 opificis
1312 3021 1417 3078 honore
1443 3019 1566 3077 maximo

435 3122 601 3179 censeatur:
638 3121 680 3179 ita
705 3121 773 3194 tibi,
797 3123 924 3194 domine,
948 3123 1121 3196 praedicatio
1147 3123 1303 3196 singularis
1328 3125 1372 3182 est
1397 3123 1563 3193 exhibenda,

435 3224 512 3297 quod
528 3223 663 3296 inpolitos
678 3227 860 3298 agrestesque
876 3242 977 3284 sensus
992 3226 1092 3299 culpae
1108 3225 1230 3299 caligine
1244 3225 1380 3285 liberatos
1395 3227 1424 3284 et
1439 3226 1565 3283 humana
1576 3244 1599 3283 15

433 3326 543 3385 sentire
558 3325 659 3385 feceris
674 3329 703 3386 et
718 3327 818 3387 diuina
832 3344 1007 3402 cognoscere.

481 3431 508 3488 2.
532 3431 597 3488 Non
618 3430 713 3489 minus
732 3430 783 3489 ille
803 3431 974 3490 Xenocrates
994 3431 1025 3489 in
1047 3432 1131 3490 laude
1146 3427 1210 3502 fest,
1233 3430 1465 3504 philosophorum
1480 3429 1564 3503 longe

434 3532 633 3606 doctissimus,
657 3533 707 3607 qui
729 3533 836 3593 seueris
856 3533 1101 3593 exhortationibus
1121 3533 1189 3592 fecit
1209 3536 1242 3592 ut
1263 3533 1376 3592 luxuria
1390 3532 1562 3591 uinceretur.

436 3652 502 3693 uam
518 3652 580 3694 cum
596 3637 709 3695 Polemo
725 3637 840 3710 quidam
861 3636 929 3696 uino
951 3637 1106 3711 languidus
1126 3654 1159 3695 ex
1180 3636 1349 3695 antelucano
1364 3635 1494 3694 conuiuio
1510 3652 1563 3708 pu-

435 3738 508 3796 blice
524 3742 677 3812 uagaretur
691 3738 820 3813 illudque
835 3739 971 3813 temporis
986 3741 1074 3812 esset,
1091 3757 1146 3813 quo
1162 3742 1197 3798 ad
1208 3739 1387 3813 gymnasium
1397 3738 1564 3797 Xenocratis
1574 3758 1600 3798 ao

435 3842 608 3901 confluerent
630 3842 789 3915 auditores,
812 3843 958 3917 ingressus
973 3845 1002 3901 et
1016 3843 1077 3915 ipse
1094 3845 1137 3901 est
1151 3844 1180 3901 et
1195 3842 1226 3900 in
1241 3858 1356 3900 numero
1372 3840 1563 3899 studiosorum

432 3961 467 4004 co
490 3944 606 4016 habitu,
630 3963 684 4019 quo
711 3946 745 4004 de
771 3962 840 4004 cena
866 3946 1024 4019 prodierat,
1048 3945 1219 4018 inpudenter
1239 3944 1366 4015 adsedit3
1395 3960 1461 4002 nam
1477 3945 1564 4016 caput

432 4047 496 4106 eius
522 4048 624 4106 florens
653 4065 754 4107 corona
779 4050 955 4107 contexerat:
978 4065 1070 4121 neque
1091 4050 1135 4106 est
1156 4048 1265 4106 ueritus
1281 4063 1310 4105 se
1326 4046 1456 4105 omnibus
1471 4045 1564 4104 uideri

432 4150 619 4224 dissimilem,
643 4151 711 4225 quia
725 4167 755 4210 re
770 4168 839 4210 uera
854 4153 954 4225 caput,
979 4151 1054 4224 qnod
1074 4153 1118 4209 θεῖ
1137 4150 1311 4209 domicilium
1326 4149 1477 4220 sanitatis,
1494 4165 1564 4207 usus

488 4368 503 4422 1
522 4367 622 4437 Incipit
634 4367 798 4437 epistulae..
810 4407 816 4421 .
828 4368 856 4421 Ρ
907 4368 925 4425 2
944 4367 1040 4421 Sacrae
1052 4369 1095 4422 Ρ.·
1114 4368 1228 4422 Sanetae
1240 4366 1301 4421 edd.
1355 4366 1375 4422 4
1392 4364 1524 4433 agitimns
1537 4364 1565 4417 P

486 4453 504 4511 5
522 4452 599 4507 uides
608 4454 654 4507 ael
662 4454 783 4508 uidemus
796 4453 830 4506 de
838 4454 927 4507 Proto
975 4453 992 4509 9
1006 4453 1161 4507 crudelitati
1170 4455 1198 4508 P
1208 4455 1220 4521 ll
1232 4455 1296 4520 fort.
1311 4452 1335 4505 si
1346 4451 1391 4504 illi
1445 4450 1482 4507 12
1495 4451 1563 4502 teru-

433 4541 555 4592 tamenta
567 4540 594 4593 P
616 4541 628 4606 11
651 4539 769 4609 fingendi
781 4540 845 4593 Pet
862 4538 999 4594 Clericus:
1021 4538 1150 4608 pingendi
1170 4539 1210 4594 ed.
1233 4538 1371 4607 d'Acbery
1433 4535 1469 4591 17
1488 4551 1563 4588 seno·

433 4627 520 4678 crates
534 4625 561 4678 P
585 4626 597 4692 ll
619 4625 810 4693 philosolorum
831 4625 859 4678 P
921 4624 961 4681 20
978 4624 1094 4692 illutque
1111 4626 1139 4679 P
1157 4628 1169 4694 ΙΙ
1190 4625 1258 4694 quod
1270 4624 1304 4677 ad
1316 4621 1476 4693 gypnasium
1489 4636 1564 4674 seno·

430 4712 519 4763 crates
530 4710 557 4763 P
600 4710 638 4766 22
649 4709 719 4778 quod
727 4709 759 4763 dc
770 4710 796 4763 P
807 4712 818 4778 ΙΙ
830 4709 868 4766 22
882 4715 907 4764 et
917 4709 956 4766 24
969 4710 1054 4778 capud
1066 4712 1094 4765 P
1137 4710 1176 4767 24
1188 4711 1251 4780 quia
1264 4711 1303 4764 P:
1316 4711 1364 4779 qui
1373 4709 1413 4764 ed.
1425 4707 1565 4776 d’Aecerp
