3834 5634
425 710 468 775 34
846 705 993 776 Sulpicii
1011 705 1127 760 Seueri

423 881 495 927 oum
516 862 611 926 simili
632 862 715 926 olade
736 862 939 940 affioerentur,
962 862 995 926 in
1015 861 1161 943 oppidum
1175 861 1426 925 Ascalonensium
1446 879 1548 925 aream

420 965 660 1029 transuexerunt.
682 964 731 1028 his
752 983 838 1042 uero,
861 964 1017 1029 aduocatis
1032 963 1133 1047 gentis
1148 963 1212 1028 eius
1227 963 1426 1045 primoribus,
1448 963 1547 1027 oonsi-

422 1067 502 1130 lium
516 1065 591 1145 fuit,
612 1086 714 1131 aroam
728 1067 854 1132 Domini
868 1066 1016 1131 Hebraeis
1030 1067 1161 1131 reddere.
1183 1067 1229 1130 ita
1248 1086 1283 1130 ex
1299 1065 1448 1130 sententia
1461 1065 1547 1147 prin-

423 1170 526 1251 oipnm
547 1189 757 1253 augurumque
777 1171 808 1234 et
828 1171 1019 1234 sacerdotum
1033 1169 1178 1251 imposita
1192 1169 1331 1233 uehiculo
1353 1168 1461 1233 multis
1476 1187 1547 1232 oum

391 1269 598 1336 4rnuneribus
613 1272 791 1337 remittitur.
807 1272 886 1336 illud
900 1272 1050 1350 mirabile,
1064 1272 1153 1353 quod,
1166 1277 1237 1335 oum
1251 1270 1334 1336 oneri
1347 1271 1440 1335 boues
1455 1269 1547 1334 femi·
1569 1292 1581 1330 1

420 1393 475 1439 nas
497 1375 694 1439 subieoissent
716 1375 888 1457 uitulosque
910 1393 1015 1439 earum
1034 1374 1120 1438 ‘dorni
1141 1375 1351 1453 retinuissent,
1381 1374 1440 1438 iter
1460 1373 1546 1438 nullo

421 1477 497 1542 duoe
511 1478 544 1542 in
559 1478 704 1542 Iudaeam
718 1479 846 1560 peoudes
861 1477 1049 1556 direxerunt,
1070 1495 1130 1542 non
1150 1478 1307 1542 reuocante
1322 1477 1433 1541 affeetu
1446 1476 1546 1540 foetus

420 1580 529 1644 relicti.
560 1581 646 1644 ouius
672 1581 715 1645 rei
741 1581 888 1645 miraculo
914 1581 1014 1665 reguli
1035 1579 1270 1664 Allophplorum
1297 1579 1447 1662 usquein
1471 1578 1546 1643 fines

388 1683 626 1748 5Hebraeorum
640 1702 741 1748 aroam
759 1683 854 1748 secuti
865 1684 1043 1767 religiosum
1053 1682 1189 1748 offioium
1203 1682 1427 1765 praestiterunt.
1440 1682 1546 1746 Iudaei

420 1786 537 1864 antem,
560 1786 613 1849 ubi
634 1785 739 1850 referri
759 1805 860 1851 aream
880 1787 1038 1864 uiderunt,
1062 1787 1202 1850 oertatim
1217 1805 1253 1850 ex
1267 1786 1377 1868 oppido
1392 1785 1580 1850 Betsamisro

419 1905 490 1950 oum
504 1888 615 1970 gaudio
631 1888 754 1952 obuiam
768 1907 868 1967 ruere,
884 1889 1042 1967 festinare,
1058 1889 1207 1967 exultare,
1229 1890 1330 1972 grates
1345 1890 1409 1952 Deo
1423 1887 1543 1952 referre.

419 2006 489 2051 mox
510 1990 650 2068 Leuitae,
674 2009 803 2072 quorum
824 1992 881 2055 hoo
901 1992 1061 2075 negotium
1081 1993 1160 2070 erat,
1183 1991 1366 2056 saorifioium
1379 1991 1443 2054 Deo
1466 1990 1544 2055 eele-

389 2089 523 2169 6brant,
545 2092 696 2175 bouesque
716 2112 781 2172 eas,
803 2112 879 2176 quae
899 2113 1002 2159 aream
1022 2095 1222 2173 adduxerant,
1243 2094 1414 2158 immolant.
1436 2093 1489 2157 sed
1511 2094 1545 2158 in

419 2194 537 2275 oppido,
554 2196 635 2277 quod
650 2197 897 2278 supradiximus,
913 2197 1009 2262 teneri
1024 2216 1093 2261 aroa
1106 2215 1166 2261 non
1180 2198 1289 2279 potuit.
1311 2197 1414 2278 itaque
1428 2196 1544 2278 passim

419 2296 477 2359 Dei
491 2298 569 2361 nutu
583 2317 636 2379 per
650 2300 749 2363 totam
758 2300 866 2364 urbem
877 2300 1039 2379 saeuitum,
1052 2318 1120 2365 arca
1131 2300 1163 2364 in
1170 2299 1384 2377 Cariathiarim
1396 2299 1543 2381 oppidum
1552 2323 1576 2362 15

418 2398 566 2465 translata
580 2402 626 2464 est
641 2402 743 2485 ibique
758 2422 811 2484 per
825 2403 939 2487 uiginti
953 2421 1046 2467 annos
1061 2403 1131 2466 fuit.

368 2512 407 2575 32
460 2502 505 2566 Ea
526 2504 706 2586 tempestate
730 2504 852 2570 Samuel
874 2507 1011 2570 sacerdos
1032 2505 1180 2570 Hebraeis
1208 2505 1359 2586 praeerat:
1389 2504 1501 2586 quietis
1524 2523 1542 2568 a

417 2604 498 2667 bello
512 2606 602 2669 rebus
616 2608 745 2689 populus
766 2608 798 2671 in
818 2608 879 2672 otio
894 2608 1033 2691 degebat.
1055 2628 1112 2690 pax
1127 2608 1234 2672 deinde
1249 2607 1484 2690 Allophylorum
1499 2607 1541 2670 ir-

417 2707 557 2788 ruptione
576 2709 713 2788 turbata,
736 2710 959 2792 trepidantibus
981 2710 1097 2774 eunetis
1119 2711 1156 2773 ob
1180 2710 1394 2774 oonsoientiam
1415 2709 1541 2792 peooati.

388 2807 541 2876 adamuel
562 2829 646 2875 oeesa
667 2812 752 2893 prius
774 2813 875 2876 hostia
896 2814 959 2876 Deo
982 2812 1079 2876 fretus
1106 2831 1176 2877 suos
1197 2813 1230 2877 in
1251 2812 1401 2895 proelium
1427 2812 1542 2890 eduxit,
1552 2831 1577 2870 11

389 2911 574 2994 3primoque
588 2913 705 2995 impetu
721 2915 797 2979 fusis
812 2915 951 2979 hostibus
967 2915 1095 2980 uiotoria
1108 2912 1199 2997 penes
1210 2916 1362 2980 Hebraeos
1378 2915 1473 2979 stetit.
1489 2915 1543 2978 sed

417 3014 523 3077 hostili
543 3018 628 3079 metu
643 3018 757 3081 remoto
779 3018 917 3082 seoundis
932 3019 1165 3100 tranquillisque
1180 3018 1284 3097 robus,
1306 3017 1455 3099 oorruptis
1471 3035 1542 3082 oon-

418 3117 510 3196 siliis,
527 3136 609 3183 more
624 3120 727 3204 uulgi,
750 3121 799 3184 oui
813 3121 983 3203 praesentia
997 3121 1135 3198 fastidio,
1157 3121 1277 3185 insueta
1297 3120 1445 3184 desiderio
1460 3121 1542 3197 sunt,

417 3220 537 3304 regium
546 3240 675 3307 nomen,
697 3224 813 3288 eunetis
828 3223 889 3288 iere
903 3224 1008 3288 liberis
1029 3223 1171 3308 gentibus
1186 3222 1391 3304 perinuisum,
1412 3223 1542 3304 populus

417 3323 621 3391 desiderabat:
633 3327 721 3408 plane
731 3327 846 3411 insigni
857 3327 994 3409 exemplo
1005 3326 1357 3407 amentiaepraeoptabat
1368 3325 1577 3390 11111111111111

388 3427 544 3492 4seruitio
555 3430 683 3493 mutare.
696 3429 793 3513 igitur
804 3430 974 3511 frequentes
980 3428 1153 3494 Samuelem
1159 3428 1396 3507 circumsistunt,
1412 3429 1457 3507 ut,
1471 3429 1544 3511 quia

389 3528 481 3595 biam
494 3529 560 3611 ipse
575 3532 737 3610 sonuisset,
760 3551 864 3616 regem
878 3533 921 3596 eis
937 3532 1142 3596 constitueret.
1164 3532 1196 3595 at
1216 3531 1269 3595 ille
1288 3532 1407 3613 plaoide
1428 3532 1544 3596 salubri

417 3632 551 3696 oratione
565 3633 603 3697 ab
616 3633 721 3698 insana
732 3635 889 3699 uoluntate
900 3636 1076 3717 detorquere
1091 3634 1225 3715 plebem:
1242 3634 1481 3698 dominationem
1494 3653 1543 3699 re-

418 3733 503 3816 giam
517 3735 548 3798 et
563 3736 691 3817 superba
698 3735 830 3819 imperia
840 3756 994 3820 exponere,
1009 3737 1183 3801 libertatem
1194 3737 1345 3816 extollere,
1362 3737 1544 3802 seruitutem

417 3835 570 3916 detestari,
581 3840 733 3919 postremo
745 3839 882 3905 diuinam
893 3841 936 3904 eis
947 3840 1027 3904 iram
1038 3839 1224 3918 denuntiare,
1241 3839 1393 3922 siquidem
1404 3840 1578 3905 hominesue

417 3940 519 4003 mente
534 3941 681 4022 eorrupti,
703 3943 803 4007 Deum
817 3962 921 4027 regem
934 3943 1088 4021 habentes,
1109 3961 1213 4026 regem
1231 3943 1291 4007 sibi
1311 3961 1346 4006 ex
1366 3941 1543 4008 hominibus

519 4143 537 4198 2
554 4143 569 4196 Ι
586 4144 649 4214 Reg.
670 4144 694 4200 6.
733 4147 769 4205 15
787 4146 802 4199 Ι
819 4147 883 4216 Reg.
904 4145 928 4202 7.
966 4146 1003 4204 25
1021 4146 1035 4199 I
1053 4146 1117 4215 Reg.
1136 4145 1162 4202 8.

520 4330 558 4387 10
573 4331 725 4386 Bethsamis
742 4333 771 4400 b,
789 4328 956 4402 Βαιθσαμύς
974 4332 1069 4398 LXX,
1087 4334 1245 4389 Betbsames
1257 4333 1379 4388 Draeire
1433 4335 1469 4391 11
1488 4335 1541 4389 Do·

415 4415 520 4470 minob
594 4418 631 4477 15
649 4420 739 4488 strage
756 4418 926 4487 pestilentiae
944 4419 1077 4474 saeuitum
1098 4420 1214 4474 maleae
1236 4418 1270 4472 de
1293 4420 1380 4474 Proto
1402 4420 1414 4487 ΙΙ
1437 4419 1540 4474 ohariu-

415 4500 529 4556 thiarim
540 4502 568 4556 P
618 4502 658 4560 20
670 4503 782 4558 Domino
793 4504 809 4558 b
831 4506 843 4572 ΙΙ
865 4503 988 4574 implium
1000 4505 1027 4559 P
1042 4508 1053 4574 ΙΙ
1069 4504 1177 4558 deduxit
1194 4504 1209 4557 b
1268 4505 1308 4561 24
1320 4505 1486 4575 perinuisum
1497 4507 1539 4560 P:

416 4601 519 4656 semper
536 4587 680 4644 inuisumb
733 4589 771 4648 25
788 4589 866 4659 plane
883 4590 924 4644 P:
954 4590 1117 4660 planequeb
1140 4591 1152 4657 ΙΙ
1175 4589 1277 4659 insigni
1294 4591 1423 4662 Bereaye
1435 4607 1466 4661 p.
1485 4593 1538 4647 26:

414 4685 471 4726 non
485 4673 541 4727 sine
560 4674 602 4728 Po
