3834 5634
424 2428 763 2526 lihronicorum
786 2450 914 2538 libri,
938 2478 1029 2549 quos
1041 2451 1222 2549 Sulpicius
1237 2452 1391 2525 Seuerus
1406 2476 1504 2523 com·

368 2570 512 2666 posuit,
549 2570 706 2669 primum
738 2570 825 2642 editi
849 2581 934 2642 sunt
964 2597 984 2642 a
1012 2570 1170 2644 Flacio
1198 2570 1403 2670 Illyrico
1436 2568 1503 2642 sub

371 2689 443 2762 hoc
465 2690 590 2762 titulo:
613 2678 768 2788 ‘Sulpicii
792 2690 916 2764 Seueri
939 2688 944 2790 Ι
969 2716 1088 2763 sacrae
1110 2690 1282 2764 historiae
1306 2689 1311 2792 l
1335 2717 1355 2762 a
1377 2688 1505 2762 Mundi

369 2811 524 2881 exordio
556 2811 601 2882 ad
636 2837 699 2883 sua
741 2837 853 2908 usque
878 2808 882 2909 l
908 2821 1071 2908 tempora
1110 2812 1284 2884 deductae
1322 2809 1404 2882 libri
1429 2809 1433 2910 l
1458 2809 1504 2889 ll.

369 2954 469 3001 nunc
491 2930 649 3026 primum
671 2931 710 3002 in
735 2928 739 3031 l
763 2930 880 3002 lucem
903 2929 1002 3002 editi.
1030 2930 1207 3020 Basileae,
1237 2956 1301 3028 per
1323 2930 1502 3002 Joannem

371 3048 576 3147 Oporinum
605 3051 652 3146 (a.
687 3036 823 3147 1556)’,
854 3050 965 3139 eruti,
1005 3063 1044 3121 ut
1066 3051 1144 3148 ipse
1166 3052 1202 3121 in
1225 3044 1391 3148 ‘epistola
1415 3076 1506 3120 nun·

371 3165 567 3266 eupatoria'
600 3169 726 3241 scribit
754 3161 812 3241 ‘ex
852 3171 1006 3266 quadam
1039 3168 1289 3241 celeberrimae
1319 3169 1504 3242 Saxonum

370 3287 528 3361 ciuitatis
548 3288 728 3361 Hildesiae
749 3273 993 3361 bibliotheca'.
1017 3315 1064 3360 ex
1081 3288 1146 3376 iis,
1172 3289 1234 3386 qui
1257 3298 1384 3386 postea
1405 3287 1507 3359 libel-

370 3406 446 3480 lum
481 3409 690 3497 ediderunt,
727 3433 808 3481 cum
845 3408 902 3479 alii
940 3419 1019 3480 tum
1055 3407 1223 3480 Victor
1260 3405 1506 3480 Giselinus

370 3527 487 3629 (1574
506 3528 761 3627 Antuerpiae)‚
787 3527 978 3601 Carolus
1002 3527 1223 3624 Sigonius
1247 3527 1506 3625 (158113οη0-

368 3648 488 3745 niae),
525 3646 550 3719 J
560 3675 592 3720 o.
615 3648 954 3745 D1·usius·(1607
983 3647 1175 3745 Arnhemi)
1200 3648 1336 3746 optime
1359 3649 1404 3719 de
1428 3673 1509 3719 uer·

369 3766 427 3840 bis
447 3768 634 3866 scriptoris
659 3795 733 3840 non
756 3769 952 3840 admodum
973 3767 1158 3865 deprauati
1177 3767 1412 3839 emendandis
1431 3791 1506 3839 me-

368 3898 541 3978 ruerunt,
574 3888 637 3960 sed
660 3886 748 3960 nulli
778 3913 882 3960 curae
913 3886 984 3960 fuit
1010 3899 1072 3959 aut
1100 3887 1254 3985 contigit
1284 3899 1324 3959 ut
1346 3887 1508 3960 codicem

369 4007 695 4106 manuscriptum,
733 4008 828 4080 unde
859 4006 949 4080 liber
982 4008 1217 4105 depromptus
1241 4017 1337 4096 erat,
1373 4006 1507 4079 iterum

371 4127 563 4200 inueniret.
587 4126 725 4199 felicius
748 4153 805 4199 res
829 4127 937 4200 cessit
960 4125 1243 4225 Hieronymo
1267 4127 1319 4200 de
1343 4126 1506 4216 Prato,

376 4247 440 4345 qui
462 4273 545 4320 cum
567 4246 823 4346 amplissimam
846 4246 1101 4320 bibliothecam
1126 4245 1337 4320 Vaticanam
1359 4246 1506 4345 perqui-

372 4367 523 4440 rendam
545 4377 723 4457 curasset,
747 4366 879 4438 certior
901 4366 1018 4439 factus
1042 4377 1097 4439 est
1119 4366 1156 4438 in
1180 4392 1220 4439 ea
1243 4366 1388 4440 exstare
1410 4368 1510 4439 codi-

376 4512 454 4560 cem
488 4486 551 4584 qui
582 4486 731 4586 Sulpicii
761 4485 893 4558 librum
926 4487 988 4558 diu
1018 4486 1261 4559 desideratum
1292 4489 1505 4560 contineret.

371 4617 481 4704 atque
504 4606 639 4706 accepit
662 4606 834 4679 lectiones
857 4605 901 4678 ab
925 4607 1073 4679 homine
1091 4606 1129 4678 in
1146 4606 1248 4680 libris
1267 4633 1375 4679 manu
1394 4606 1508 4706 scrip-
